
@ARTICLE{Angioni_NF_2012_Review_transport_e_impurity,
  author = {C. Angioni and Y. Camenen and F.J. Casson and E. Fable and R.M. McDermott
	and A.G. Peeters and J.E. Rice},
  journal = {Nuclear Fusion},
  year = {2012},
  volume = {52},
  pages = {114003}
}

@ARTICLE{Angioni_PPCF_09_review_particle_transport,
  author = {C Angioni and E Fable and M Greenwald and M Maslov and A G Peeters
	and H Takenaga and H Weisen},
  title = {Particle transport in tokamak plasmas, theory and experiment},
  journal = {Plasma Physics and Controlled Fusion},
  year = {2009},
  volume = {51},
  pages = {124017}

}

@ARTICLE{Angioni_2011_PRL_LOCSOC_ITGTEM,
  author = {Angioni, C. and McDermott, R. M. and Casson, F. J. and Fable, E.
	and Bottino, A. and Dux, R. and Fischer, R. and Podoba, Y. and P\"utterich,
	T. and Ryter, F. and Viezzer, E.},
  title = {Intrinsic Toroidal Rotation, Density Peaking, and Turbulence Regimes
	in the Core of Tokamak Plasmas},
  journal = {Phys. Rev. Lett.},
  year = {2011},
  volume = {107},
  pages = {215003},
  doi = {10.1103/PhysRevLett.107.215003},
  issue = {21},
  numpages = {5},
  publisher = {American Physical Society}
}

@ARTICLE{Angioni_PoP_2005_LOCSOC_TEMITG,
  author = {Angioni, C. and Peeters, A. G. and Ryter, F. and Jenko, F. and Conway,
	G. D. and Dannert, T. and Fahrbach, H. U. and Reich, M. and Suttrop,
	W. and Fattorini, L.},
  title = {Relationship between density peaking, particle thermodiffusion, Ohmic
	confinement, and microinstabilities in ASDEX Upgrade L-mode plasmas},
  journal = {Physics of Plasmas},
  year = {2005},
  volume = {12},
  pages = {040701},
  eid = {040701},
  doi = {http://dx.doi.org/10.1063/1.1867492},
  owner = {HA224578},
  timestamp = {2014.01.14}
}

@ARTICLE{Arnichand_NF_15_IAEA_discriminate_TEM,
  author = {H. Arnichand and R. Sabot and S. Hacquin and A. Kr\"{a}mer-Flecken and
	C. Bourdelle and J. Citrin and X. Garbet and J.C. Giacalone and R.
	Guirlet and J.C. Hillesheim and L. Meneses},
  title = {Discriminating the trapped electron modes contribution in density
	fluctuation spectra},
  journal = {Nuclear Fusion},
  year = {2015},
  volume = {55},
  pages = {093021},
  number = {9},
  owner = {HA224578},
  timestamp = {2015.08.22},
  url = {http://stacks.iop.org/0029-5515/55/i=9/a=093021}
}

@ARTICLE{Artaud_2010_NF_CRONOS,
  author = {J.F. Artaud and V. Basiuk and F. Imbeaux and M. Schneider and J.
	Garcia and G. Giruzzi and P. Huynh and T. Aniel and F. Albajar and
	J.M. An\'e and A. B\'ecoulet and C. Bourdelle and A. Casati and L.
	Colas and J. Decker and R. Dumont and L.G. Eriksson and X. Garbet
	and R. Guirlet and P. Hertout and G.T. Hoang and W. Houlberg and
	G. Huysmans and E. Joffrin and S.H. Kim and F. K\"ochl and J. Lister
	and X. Litaudon and P. Maget and R. Masset and B. P\'egouri\'e and
	Y. Peysson and P. Thomas and E. Tsitrone and F. Turco},
  title = {The CRONOS suite of codes for integrated tokamak modelling},
  journal = {Nuclear Fusion},
  year = {2010},
  volume = {50},
  pages = {043001},
  number = {4},
  owner = {HA224578},
  timestamp = {2014.08.13}
}

@ARTICLE{Baiocchi_NF_15_TEM_JET_hybrid,
  author = {B Baiocchi and J Garcia and M Beurskens and C Bourdelle and F Crisanti
	and C Giroud and J Hobirk and F Imbeaux and I Nunes and JET Contributors
	and EU-ITM ITER Scenario Modelling group},
  title = {Turbulent transport analysis of JET H-mode and hybrid plasmas using
	QuaLiKiz and Trapped Gyro Landau Fluid},
  journal = {Plasma Physics and Controlled Fusion},
  year = {2015},
  volume = {57},
  pages = {035003},
  owner = {HA224578},
  timestamp = {2015.07.14},
  url = {http://stacks.iop.org/0741-3335/57/i=3/a=035003}
}

@ARTICLE{Berenger_JoCP_94,
  author = {Jean-Pierre Berenger},
  title = {A perfectly matched layer for the absorption of electromagnetic waves
	},
  journal = {Journal of Computational Physics },
  year = {1994},
  volume = {114},
  pages = {185},
  doi = {http://dx.doi.org/10.1006/jcph.1994.1159},
  issn = {0021-9991},
  owner = {HA224578},
  timestamp = {2015.07.10},
  url = {http://www.sciencedirect.com/science/article/pii/S0021999184711594}
}

@CONFERENCE{Bernardo_EPS_2012_LOC_SOC,
  author = {J. Bernardo and C. Fenzi and C. Bourdelle and T. Aniel and J.- F.
	Artaud and J. Gunn and F. Clairet and P. Lotte and S. Cortes and
	J. P. S. Bizarro and the Tore Supra team},
  title = {39th EPS Conference},
  year = {2012},
  address = {Stockholm, Sweden},
  owner = {HA224578},
  timestamp = {2014.05.26}
}

@ARTICLE{Bernardo_PPCF_2015_intrinsic_rotation,
  author = {J Bernardo and C Fenzi and C Bourdelle and Y Camenen and H Arnichand
	and Jo?o P S Bizarro and S Cortes and X Garbet and Z O Guimar?es-Filho
	and T Aniel and J-F Artaud and F Clairet and P Cottier and J Gunn
	and P Lotte and the Tore Supra Team},
  title = {Density impact on toroidal rotation in Tore Supra: experimental observations
	and theoretical investigation},
  journal = {Plasma Physics and Controlled Fusion},
  year = {2015},
  volume = {57},
  pages = {035002},
  owner = {HA224578},
  timestamp = {2015.03.30},
  url = {http://stacks.iop.org/0741-3335/57/i=3/a=035002}
}

@ARTICLE{Bierwage_PoP2005,
  author = {Bierwage, Andreas and Benkadda, Sadruddin and Hamaguchi, Satoshi
	and Wakatani, Masahiro},
  title = {Fast growing double tearing modes in a tokamak plasma},
  journal = {Physics of Plasmas},
  year = {2005},
  volume = {12},
  pages = {-},
  number = {8},
  eid = {082504},
  doi = {http://dx.doi.org/10.1063/1.1989727},
  owner = {HA224578},
  timestamp = {2015.07.31},
  url = {http://scitation.aip.org/content/aip/journal/pop/12/8/10.1063/1.1989727}
}

@ARTICLE{Blanco_PPCF_doppler_Lr_simu,
  author = {E Blanco and T Estrada},
  title = {Two-dimensional full-wave simulations of radial correlation Doppler
	reflectometry in linear and non-linear regimes},
  journal = {Plasma Physics and Controlled Fusion},
  year = {2013},
  volume = {55},
  pages = {125006},
  owner = {HA224578},
  timestamp = {2015.08.26},
  url = {http://stacks.iop.org/0741-3335/55/i=12/a=125006}
}

@ARTICLE{Bonanomi_NF_15_TEM_JET,
  author = {Bonanomi, N. and Mantica, P and Citrin, J.},
  title = {submitted to Nuclear Fusion},
  year = {2015},
  owner = {HA224578},
  timestamp = {2015.07.14}
}

@ARTICLE{Bortolon_PRL_2006_TCV_intrinsic_rotation,
  author = {Bortolon, A. and Duval, B. P. and Pochelon, A. and Scarabosio, A.},
  title = {Observation of Spontaneous Toroidal Rotation Inversion in Ohmically
	Heated Tokamak Plasmas},
  journal = {Phys. Rev. Lett.},
  year = {2006},
  volume = {97},
  pages = {235003},
  doi = {10.1103/PhysRevLett.97.235003},
  issue = {23},
  numpages = {4},
  owner = {HA224578},
  publisher = {American Physical Society},
  timestamp = {2015.07.27},
  url = {http://link.aps.org/doi/10.1103/PhysRevLett.97.235003}
}

@ARTICLE{Bottolier_1987_RSI,
  author = {Bottollier-Curtet, H. and Ichtchenko, G.},
  title = {Microwave reflectometry with the extraordinary mode on tokamaks:
	Determination of the electron density profile of Petula-B},
  journal = {Review of Scientific Instruments},
  year = {1987},
  volume = {58},
  pages = {539},
  doi = {http://dx.doi.org/10.1063/1.1139266},
  owner = {HA224578},
  timestamp = {2015.07.02},
  url = {http://scitation.aip.org/content/aip/journal/rsi/58/4/10.1063/1.1139266}
}

@BOOK{Bourdelle_HDR_2015,
  title = {Turbulent Transport in Tokamak Plasmas: bridging theory and experiment},
  publisher = {Aix Marseille Universit\'e},
  year = {2015},
  author = {Bourdelle, C.},
  owner = {HA224578},
  timestamp = {2015.07.05}
}

@ARTICLE{Bourdelle_PPCF_05_review_turbulent_particle_transport,
  author = {C Bourdelle},
  title = {Turbulent particle transport in magnetized fusion plasma},
  journal = {Plasma Physics and Controlled Fusion},
  year = {2005},
  volume = {47},
  pages = {A317},
  owner = {HA224578},
  timestamp = {2015.07.20},
  url = {http://stacks.iop.org/0741-3335/47/i=5A/a=023}
}

@ARTICLE{Bourdelle_NF_15_WEST,
  author = {C. Bourdelle and J.F. Artaud and V. Basiuk and M. B\'{e}coulet and S.
	Br¨¦mond and J. Bucalossi and H. Bufferand and G. Ciraolo and L.
	Colas and Y. Corre and X. Courtois and J. Decker and L. Delpech and
	P. Devynck and G. Dif-Pradalier and R.P. Doerner and D. Douai and
	R. Dumont and A. Ekedahl and N. Fedorczak and C. Fenzi and M. Firdaouss
	and J. Garcia and P. Ghendrih and C. Gil and G. Giruzzi and M. Goniche
	and C. Grisolia and A. Grosman and D. Guilhem and R. Guirlet and
	J. Gunn and P. Hennequin and J. Hillairet and T. Hoang and F. Imbeaux
	and I. Ivanova-Stanik and E. Joffrin and A. Kallenbach and J. Linke
	and T. Loarer and P. Lotte and P. Maget and Y. Marandet and M.L.
	Mayoral and O. Meyer and M. Missirlian and P. Mollard and P. Monier-Garbet
	and P. Moreau and E. Nardon and B. P¨¦gouri¨¦ and Y. Peysson and
	R. Sabot and F. Saint-Laurent and M. Schneider and J.M. Trav¨¨re
	and E. Tsitrone and S. Vartanian and L. Vermare and M. Yoshida and
	R. Zagorski and JET Contributors},
  title = {WEST Physics Basis},
  journal = {Nuclear Fusion},
  year = {2015},
  volume = {55},
  pages = {063017},
  owner = {HA224578},
  timestamp = {2015.08.06},
  url = {http://stacks.iop.org/0029-5515/55/i=6/a=063017}
}

@ARTICLE{Bourdelle_NF_02_Kinezero,
  author = {C. Bourdelle and X. Garbet and G.T. Hoang and J. Ongena and R.V.
	Budny},
  title = {Stability analysis of improved confinement discharges: internal transport
	barriers in Tore Supra and radiative improved mode in TEXTOR},
  journal = {Nuclear Fusion},
  year = {2002},
  volume = {42},
  pages = {892},
  owner = {HA224578},
  timestamp = {2015.07.05},
  url = {http://stacks.iop.org/0029-5515/42/i=7/a=312}
}

@ARTICLE{Bourdelle_NF_2002_KINEZERO,
  author = {C. Bourdelle and X. Garbet and G.T. Hoang and J. Ongena and R.V.
	Budny},
  title = {Stability analysis of improved confinement discharges: internal transport
	barriers in Tore Supra and radiative improved mode in TEXTOR},
  journal = {Nuclear Fusion},
  year = {2002},
  volume = {42},
  pages = {892},
  number = {7},
  owner = {HA224578},
  timestamp = {2014.03.25}
}

@ARTICLE{Bourdelle_2007_PoP_Qualikiz,
  author = {Bourdelle, C. and Garbet, X. and Imbeaux, F. and Casati, A. and Dubuit,
	N. and Guirlet, R. and Parisot, T.},
  title = {A new gyrokinetic quasilinear transport model applied to particle
	transport in tokamak plasmas},
  journal = {Physics of Plasmas},
  year = {2007},
  volume = {14},
  pages = {112501},
  eid = {112501},
  doi = {http://dx.doi.org/10.1063/1.2800869},
  owner = {HA224578},
  timestamp = {2014.01.17}
}

@ARTICLE{Brower_PRL_1987_onset_ion_mode_hight_ne_FIR,
  author = {Brower, D. L. and Peebles, W. A. and Kim, S. K. and Luhmann, N. C.
	and Tang, W. M. and Phillips, P. E.},
  title = {Observation of a high-density ion mode in tokamak microturbulence},
  journal = {Phys. Rev. Lett.},
  year = {1987},
  volume = {59},
  pages = {48},
  doi = {10.1103/PhysRevLett.59.48},
  issue = {1},
  numpages = {0},
  publisher = {American Physical Society},
  url = {http://link.aps.org/doi/10.1103/PhysRevLett.59.48}
}

@ARTICLE{Candy_2003_JoCP_LOCSOC_TEM_simu,
  author = {J. Candy and R.E. Waltz},
  title = {An Eulerian gyrokinetic-Maxwell solver},
  journal = {Journal of Computational Physics },
  year = {2003},
  volume = {186},
  pages = {545 - 581},
  doi = {http://dx.doi.org/10.1016/S0021-9991(03)00079-2},
  issn = {0021-9991},
  keywords = {Turbulence},
  owner = {HA224578},
  timestamp = {2014.01.14}
}

@ARTICLE{Candy_Waltz_PRL_2003_GYRO,
  author = {J. Candy and R.E. Waltz},
  title = {Anomalous Transport Scaling in the DIII-D Tokamak Matched by Supercomputer
	Simulation},
  journal = {Phys. Rev. Lett.},
  year = {2003},
  volume = {91},
  pages = {045001},
  issue = {4},
  numpages = {4},
  publisher = {American Physical Society}
}

@ARTICLE{Casati_PoP_08_TiTe,
  author = {Casati, Alessandro and Bourdelle, C. and Garbet, X. and Imbeaux,
	F.},
  title = {Temperature ratio dependence of ion temperature gradient and trapped
	electron mode instability thresholds},
  journal = {Physics of Plasmas},
  year = {2008},
  volume = {15},
  pages = {042310},
  doi = {http://dx.doi.org/10.1063/1.2906223},
  owner = {HA224578},
  timestamp = {2015.07.14},
  url = {http://scitation.aip.org/content/aip/journal/pop/15/4/10.1063/1.2906223}
}

@ARTICLE{Casati_PRL_2009_comp_xp_Gysela,
  author = {Casati, A. and Gerbaud, T. and Hennequin, P. and Bourdelle, C. and
	Candy, J. and Clairet, F. and Garbet, X. and Grandgirard, V. and
	G\"urcan, \"O. D. and Heuraux, S. and Hoang, G. T. and Honor\'e,
	C. and Imbeaux, F. and Sabot, R. and Sarazin, Y. and Vermare, L.
	and Waltz, R. E.},
  title = {Turbulence in the TORE SUPRA Tokamak: Measurements and Validation
	of Nonlinear Simulations},
  journal = {Phys. Rev. Lett.},
  year = {2009},
  volume = {102},
  pages = {165005},
  month = {Apr},
  doi = {10.1103/PhysRevLett.102.165005},
  issue = {16},
  numpages = {4},
  publisher = {American Physical Society}
}

@ARTICLE{Casson_PPCF_15_JET_W_transport_neo,
  author = {F J Casson and C Angioni and E A Belli and R Bilato and P Mantica
	and T Odstrcil and T P\"utterich and M Valisa and L Garzotti and
	C Giroud and J Hobirk and C F Maggi and J Mlynar and M L Reinke},
  title = {Theoretical description of heavy impurity transport and its application
	to the modelling of tungsten in \textnormal{JET} and ASDEX upgrade},
  journal = {Plasma Physics and Controlled Fusion},
  year = {2015},
  volume = {57},
  pages = {014031},
  owner = {HA224578},
  timestamp = {2015.07.18},
  url = {http://stacks.iop.org/0741-3335/57/i=1/a=014031}
}

@CONFERENCE{Chapman_IAEA_2014_TEM_QC_MST,
  author = {B.E. Chapman and the MST team and collaborators},
  title = {Overview of Results from the MST Reversed Field Pinch Experiment},
  year = {2014},
  address = {25th IAEA fusion energy conference, Saint Petersburg, Russia},
  owner = {HA224578},
  timestamp = {2013.06.06}
}

@ARTICLE{Coelho_13_FSI_diagsynthe,
  author = {Coelho, R. and \"Ak\"aslompolo, S. and Dinklage, A. and Kus, A. and
	Reimer, R. and Sund\'en, E. and Conroy, S. and Blanco, E. and Conway,
	G. and Hacquin, S. and Heuraux, S. and Lechte, C. and Da Silva, F.
	and Sirinelli, A. and ITM-TF Contributors},
  title = {Synthetic Diagnostics in the European Union Integrated Tokamak Modelling
	Simulation Platform},
  journal = {Fusion Science and Technology},
  year = {2013},
  volume = {63},
  pages = {1},
  owner = {HA224578},
  timestamp = {2015.07.10}
}

@ARTICLE{Cohen_PPCF_1998_FDTDscheme,
  author = {Bruce I Cohen and Lynda L LoDestro and E Bickford Hooper and Thomas
	A Casper},
  title = {Simulations of broadband short-pulse reflectometry for diagnosing
	plasma density and magnetic-field profiles},
  journal = {Plasma Physics and Controlled Fusion},
  year = {1998},
  volume = {40},
  pages = {75},
  owner = {HA224578},
  timestamp = {2015.05.27},
  url = {http://stacks.iop.org/0741-3335/40/i=1/a=003}
}

@ARTICLE{Colas_NF_98_lien_transport_fluc,
  author = {L. Colas and X.L. Zou and M. Paume and J.M. Chareau and L. Guiziou
	and G.T. Hoang and Y. Michelot and D. Gr¨¦sillon},
  title = {Internal magnetic fluctuations and electron heat transport in the
	Tore Supra tokamak: Observation by cross-polarization scattering},
  journal = {Nuclear Fusion},
  year = {1998},
  volume = {38},
  pages = {903},
  owner = {HA224578},
  timestamp = {2015.07.24},
  url = {http://stacks.iop.org/0029-5515/38/i=6/a=308}
}

@ARTICLE{Connor_NF_73_Er,
  author = {J.W. Connor and R.J. Hastie},
  title = {Neoclassical diffusion arising from magnetic-field ripples in Tokamaks},
  journal = {Nuclear Fusion},
  year = {1973},
  volume = {13},
  pages = {221},
  owner = {HA224578},
  timestamp = {2015.05.27},
  url = {http://stacks.iop.org/0029-5515/13/i=2/a=011}
}

@ARTICLE{Connor_PPCF_06_TEM_destabilize_by_collision,
  author = {J W Connor and R J Hastie and P Helander},
  title = {Stability of the trapped electron mode in steep density and temperature
	gradients},
  journal = {Plasma Physics and Controlled Fusion},
  year = {2006},
  volume = {48},
  pages = {885},
  owner = {HA224578},
  timestamp = {2015.07.14},
  url = {http://stacks.iop.org/0741-3335/48/i=6/a=012}
}

@ARTICLE{Conway_2006_NF,
  author = {G.D. Conway and C. Angioni and R. Dux and F. Ryter and A.G. Peeters
	and J. Schirmer and C. Troester and CFN Reflectometry Group and the
	ASDEX Upgrade team},
  title = {Observations on core turbulence transitions in ASDEX Upgrade using
	Doppler reflectometry},
  journal = {Nuclear Fusion},
  year = {2006},
  volume = {46},
  pages = {S799}
}

@ARTICLE{Conway_PPCF_99_spectra_asymmetries,
  author = {G D Conway},
  title = {Effects of reflectometer asymmetries on fluctuation measurements},
  journal = {Plasma Physics and Controlled Fusion},
  year = {1999},
  volume = {41},
  pages = {65},
  owner = {HA224578},
  timestamp = {2014.12.08},
  url = {http://stacks.iop.org/0741-3335/41/i=1/a=005}
}

@ARTICLE{Conway_PPCF_2002_JET_reversed_shear,
  author = {G D Conway and G M D Hogeweij and M R de Baar and Yu Baranov and
	R Barnsley and N C Hawkes and X Litaudon and J Mailloux and E Righi
	and F G Rimini and K-D Zastrow},
  title = {Turbulence behaviour during electron heated reversed shear discharges
	in JET},
  journal = {Plasma Physics and Controlled Fusion},
  year = {2002},
  volume = {44},
  pages = {1167}
}

@ARTICLE{Conway_PPCF_04_DOPPLER_rotationprofile,
  author = {G D Conway and J Schirmer and S Klenge and W Suttrop and E Holzhauer
	and the ASDEX Upgrade Team},
  title = {Plasma rotation profile measurements using Doppler reflectometry},
  journal = {Plasma Physics and Controlled Fusion},
  year = {2004},
  volume = {46},
  pages = {951},
  number = {6},
  owner = {HA224578},
  timestamp = {2015.07.02},
  url = {http://stacks.iop.org/0741-3335/46/i=6/a=003}
}

@ARTICLE{Conway_PPCF_2004_DopplerReflecto,
  author = {G D Conway and J Schirmer and S Klenge and W Suttrop and E Holzhauer
	and the ASDEX Upgrade Team},
  title = {Plasma rotation profile measurements using Doppler reflectometry},
  journal = {Plasma Physics and Controlled Fusion},
  year = {2004},
  volume = {46},
  pages = {951},
  owner = {HA224578},
  timestamp = {2014.12.08},
  url = {http://stacks.iop.org/0741-3335/46/i=6/a=003}
}

@ARTICLE{Conway_PPCF_05_DOPPLER_ZFs_GAM,
  author = {G D Conway and B Scott and J Schirmer and M Reich and A Kendl and
	the ASDEX Upgrade Team},
  title = {Direct measurement of zonal flows and geodesic acoustic mode oscillations
	in ASDEX Upgrade using Doppler reflectometry},
  journal = {Plasma Physics and Controlled Fusion},
  year = {2005},
  volume = {47},
  pages = {1165},
  number = {8},
  owner = {HA224578},
  timestamp = {2015.07.02},
  url = {http://stacks.iop.org/0741-3335/47/i=8/a=003}
}

@ARTICLE{Coppi_PoF_67_ITG,
  author = {Coppi, B. and Rosenbluth, M. N. and Sagdeev, R. Z.},
  title = {Instabilities due to Temperature Gradients in Complex Magnetic Field
	Configurations},
  journal = {Physics of Fluids},
  year = {1967},
  volume = {10},
  pages = {582},
  number = {3},
  doi = {http://dx.doi.org/10.1063/1.1762151},
  owner = {HA224578},
  timestamp = {2015.07.21},
  url = {http://scitation.aip.org/content/aip/journal/pof1/10/3/10.1063/1.1762151}
}

@CONFERENCE{Meneses_IRW11_KG8C,
  author = {L. Cupido and L. Meneses},
  title = {Recent Hardware developments on synthetized sources for reflectometry
	hopping systems at IPFN},
  year = {2013},
  address = {11th International Reflectometry Workshop (IRW11), Ecole Polytechnique,
	Palaiseau, France},
  owner = {HA224578},
  timestamp = {2014.05.26}
}

@ARTICLE{Cziegler_PoP_2012_Imode_Alcator,
  author = {Cziegler, I. and Diamond, P. H. and Fedorczak, N. and Manz, P. and
	Tynan, G. R. and Xu, M. and Churchill, R. M. and Hubbard, A. E. and
	Lipschultz, B. and Sierchio, J. M. and Terry, J. L. and Theiler,
	C.},
  title = {Fluctuating zonal flows in the I-mode regime in Alcator C-Mod},
  journal = {Physics of Plasmas},
  year = {2013},
  volume = {20},
  pages = {055904},
  doi = {http://dx.doi.org/10.1063/1.4803914},
  owner = {HA224578},
  timestamp = {2015.01.11},
  url = {http://scitation.aip.org/content/aip/journal/pop/20/5/10.1063/1.4803914}
}

@CONFERENCE{Graca_EPS_2013_QCmodes,
  author = {Da Gra\c{c}a, S. and Conway, G.D. and Viezzer, E. and Silva, A. and
	Cupido, L and Manso, M E and the ASDEX Upgrade Team},
  title = {Poloidal velocity of MHD modes at the edge of the ASDEX Upgrade tokamak},
  year = {2013},
  address = {40th EPS Conference, Espoo, Finland},
  owner = {HA224578},
  timestamp = {2014.05.26}
}

@ARTICLE{Dannert_PoP_05_TEM_simu,
  author = {Dannert, Tilman and Jenko, Frank},
  title = {Gyrokinetic simulation of collisionless trapped-electron mode turbulence},
  journal = {Physics of Plasmas},
  year = {2005},
  volume = {12},
  pages = {072309},
  doi = {http://dx.doi.org/10.1063/1.1947447},
  owner = {HA224578},
  timestamp = {2015.08.03},
  url = {http://scitation.aip.org/content/aip/journal/pop/12/7/10.1063/1.1947447}
}

@ARTICLE{Depret_PPCF_2000_TIM,
  author = {G Depret and X Garbet and P Bertrand and A Ghizzo},
  title = {Trapped-ion driven turbulence in tokamak plasmas},
  journal = {Plasma Physics and Controlled Fusion},
  year = {2000},
  volume = {42},
  pages = {949},
  abstract = {Ion turbulence is expected to play an important role in anomalous
	transport. Thus an original approach is proposed here to study trapped-ion
	instability. A Vlasov code is used to determine the behaviour of
	the instability near the threshold and compared with analytical solutions
	of the Vlasov equation. Some interesting features which appear in
	the nonlinear regime are discussed.},
  owner = {HA224578},
  timestamp = {2015.05.25},
  url = {http://stacks.iop.org/0741-3335/42/i=9/a=302}
}

@ARTICLE{Diallo_PRL_2014_QC_Hmode_and_ELMs,
  author = {Diallo, A. and Hughes, J.\,W. and Greenwald, M. and LaBombard, B.
	and Davis, E. and Baek, S-G. and Theiler, C. and Snyder, P. and Canik,
	J. and Walk, J. and Golfinopoulos, T. and Terry, J. and Churchill,
	M. and Hubbard, A. and Porkolab, M. and Delgado-Aparicio, L. and
	Reinke, M.\,L. and White, A. and Alcator C-Mod team},
  title = {Observation of Edge Instability Limiting the Pedestal Growth in Tokamak
	Plasmas},
  journal = {Phys. Rev. Lett.},
  year = {2014},
  volume = {112},
  pages = {115001},
  doi = {10.1103/PhysRevLett.112.115001},
  issue = {11},
  numpages = {5},
  publisher = {American Physical Society},
  url = {http://link.aps.org/doi/10.1103/PhysRevLett.112.115001}
}

@ARTICLE{Diamond_ZF_2005_PPCF,
  author = {P H Diamond and S-I Itoh and K Itoh and T S Hahm},
  title = {Zonal flows in plasma--a review},
  journal = {Plasma Physics and Controlled Fusion},
  year = {2005},
  volume = {47},
  abstract = {A comprehensive review of zonal flow phenomena in plasmas is presented.
	While the emphasis is on zonal flows in laboratory plasmas, planetary
	zonal flows are discussed as well. The review presents the status
	of theory, numerical simulation and experiments relevant to zonal
	flows. The emphasis is on developing an integrated understanding
	of the dynamics of drift wave¨Czonal flow turbulence by combining
	detailed studies of the generation of zonal flows by drift waves,
	the back-interaction of zonal flows on the drift waves, and the various
	feedback loops by which the system regulates and organizes itself.
	The implications of zonal flow phenomena for confinement in, and
	the phenomena of fusion devices are discussed. Special attention
	is given to the comparison of experiment with theory and to identifying
	directions for progress in future research.},
  owner = {HA224578},
  timestamp = {2013.07.22}
}


@ARTICLE{dominguez_PoF_1992_TEM_stellarator,
  author = {Dominguez, N. and Carreras, B. A. and Lynch, V. E. and Diamond, P.
	H.},
  title = {Dissipative trapped electron modes in l=2 torsatrons},
  journal = {Physics of Fluids B: Plasma Physics},
  year = {1992},
  volume = {4},
  pages = {2894},
  doi = {http://dx.doi.org/10.1063/1.860162},
  owner = {HA224578},
  timestamp = {2015.05.27},
  url = {http://scitation.aip.org/content/aip/journal/pofb/4/9/10.1063/1.860162}
}

@ARTICLE{Dorland_PRL_2000_firstETGsimu,
  author = {Dorland, W. and Jenko, F. and Kotschenreuther, M. and Rogers, B.
	N.},
  title = {Electron Temperature Gradient Turbulence},
  journal = {Phys. Rev. Lett.},
  year = {2000},
  volume = {85},
  pages = {5579},
  doi = {10.1103/PhysRevLett.85.5579},
  issue = {26},
  numpages = {0},
  publisher = {American Physical Society},
  url = {http://link.aps.org/doi/10.1103/PhysRevLett.85.5579}
}

@ARTICLE{Drake_PRL_88_ETG,
  author = {Drake, J. F. and Guzdar, P. N. and Hassam, A. B.},
  title = {Streamer Formation in Plasma with a Temperature Gradient},
  journal = {Phys. Rev. Lett.},
  year = {1988},
  volume = {61},
  pages = {2205},
  doi = {10.1103/PhysRevLett.61.2205},
  issue = {19},
  numpages = {0},
  publisher = {American Physical Society},
  url = {http://link.aps.org/doi/10.1103/PhysRevLett.61.2205}
}

@ARTICLE{Dumont_14,
  author = {R J Dumont and M Goniche and A Ekedahl and B Saoutic and J-F Artaud
	and V Basiuk and C Bourdelle and Y Corre and J Decker and D Elb¨¨ze
	and G Giruzzi and G-T Hoang and F Imbeaux and E Joffrin and X Litaudon
	and Ph Lotte and P Maget and D Mazon and E Nilsson and The Tore Supra
	Team},
  title = {Multi-megawatt, gigajoule plasma operation in Tore Supra},
  journal = {Plasma Physics and Controlled Fusion},
  year = {2014},
  volume = {56},
  pages = {075020},
  owner = {HA224578},
  timestamp = {2015.08.31},
  url = {http://stacks.iop.org/0741-3335/56/i=7/a=075020}
}

@ARTICLE{Duval_PoP_2008_TCV_instrinsic_rotation,
  author = {Duval, B. P. and Bortolon, A. and Karpushov, A. and Pitts, R. A.
	and Pochelon, A. and Sauter, O. and Scarabosio, A. and Turri, G.
	and the TCV Team},
  title = {Spontaneous L-mode plasma rotation scaling in the TCV tokamak},
  journal = {Physics of Plasmas},
  year = {2008},
  volume = {15},
  eid = {056113},
  doi = {http://dx.doi.org/10.1063/1.2841528},
  owner = {HA224578},
  timestamp = {2015.04.02},
  url = {http://scitation.aip.org/content/aip/journal/pop/15/5/10.1063/1.2841528}
}

@ARTICLE{Efthimion_NF_99_TFTR_ITB_neo_transp,
  author = {P.C. Efthimion and S. Von Goeler and W.A. Houlberg and E.J. Synakowski
	and M.C. Zarnstorff and S.H. Batha and R.E. Bell and M. Bitter and
	C.E. Bush and F.M. Levinton and E. Mazzucato and D.C. McCune and
	D. Mueller and H.K. Park and A.T. Ramsey and A.L. Roquemore and G.
	Taylor},
  title = {Observation of neoclassical transport in reverse shear plasmas on
	TFTR},
  journal = {Nuclear Fusion},
  year = {1999},
  volume = {39},
  pages = {1905},
  number = {11Y},
  owner = {HA224578},
  timestamp = {2015.07.22},
  url = {http://stacks.iop.org/0029-5515/39/i=11Y/a=333}
}

@CONFERENCE{Ernst_IAEA_2014_QCmodes_TEM_Hmodes,
  author = {Ernst, D.R. and Burrell, K.H. and Guttenfelder, W. and Rhodes, T.L.
	and Schmitz, L. and Dimits, A.M. and Doyle, E.J. and Grierson, B.A.
	and Greenwald, M. and Holland, C. and McKee, G.R. and Perkins, R.
	and Petty, C.C. and Rost, J.C. and Truong, D. and Wang, G. and Zeng,
	L.},
  title = {Controlling H-Mode Particle Transport with Modulated Electron Heating
	in DIII-D and Alcator C-Mod via TEM Turbulence},
  year = {2014},
  address = {25th IAEA fusion energy conference, Saint Petersburg, Russia},
  owner = {HA224578},
  timestamp = {2014.05.26}
}

@ARTICLE{Estrada_PPCF_2005_QCmode_TJII,
  author = {T Estrada and A Alonso and A A Chmyga and N Dreval and L Eliseev
	and C Hidalgo and A D Komarov and A S Kozachok and L Krupnik and
	A V Melnikov and I S Nedzelskiy and J L de Pablos and L A Pereira
	and Yu Tashev and V Tereshin and I Vargas},
  title = {Electron internal transport barriers, rationals and quasi-coherent
	oscillations in the stellarator TJ-II},
  journal = {Plasma Physics and Controlled Fusion},
  year = {2005},
  volume = {47},
  pages = {L57},
  number = {11},
  timestamp = {2014.03.11}
}

@ARTICLE{Fenzi_NF_11_ripple_rotation,
  author = {C. Fenzi and X. Garbet and E. Trier and P. Hennequin and C. Bourdelle
	and T. Aniel and G. Colledani and P. Devynck and C. Gil and \"O.
	G\"urcan and L. Manenc and M. Schneider and J.-L. Segui and the Tore
	Supra team},
  title = {On plasma rotation with toroidal magnetic field ripple and no external
	momentum input},
  journal = {Nuclear Fusion},
  year = {2011},
  volume = {51},
  pages = {103038},
  number = {10},
  owner = {HA224578},
  timestamp = {2015.07.27},
  url = {http://stacks.iop.org/0029-5515/51/i=10/a=103038}
}

@ARTICLE{Fonck_PRL_1993_large_f_spectra_TFTR,
  author = {Fonck, R. J. and Cosby, G. and Durst, R. D. and Paul, S. F. and Bretz,
	N. and Scott, S. and Synakowski, E. and Taylor, G.},
  title = {Long-wavelength density turbulence in the TFTR tokamak},
  journal = {Phys. Rev. Lett.},
  year = {1993},
  volume = {70},
  pages = {3736--3739},
  month = {Jun},
  doi = {10.1103/PhysRevLett.70.3736},
  issue = {24},
  numpages = {0},
  publisher = {American Physical Society}
}

@BOOK{Frish_Cambridge_Turbulence,
  title = {Turbulence: The legacy of A. N. Kolmogorov},
  publisher = {Cambridge University Press},
  year = {1995},
  author = {U. Frish},
  owner = {HA224578},
  timestamp = {2014.01.20}
}

@ARTICLE{Fujisawa_NF_2009_GAMS_review,
  author = {Akihide Fujisawa},
  journal = {Nuclear Fusion},
  year = {2009},
  volume = {49},
  pages = {013001 (42pp)},
  owner = {HA224578},
  timestamp = {2014.04.14}
}

@ARTICLE{furth_PoF_1963_delta_prime,
  author = {H. P. Furth and J. Killeen and M. N. Rosenbluth},
  title = {Finite resistive instability of a sheet pinch},
  journal = {Physics of Fluids},
  year = {1963},
  volume = {6},
  pages = {459},
  owner = {HA224578},
  timestamp = {2015.05.15}
}

@ARTICLE{Giruzzi_FST_negative_shear,
  author = {G. Giruzzi, C. Bourdelle, G. T. Hoang, F. Imbeaux, X. Litaudon, P.
	Maget, Y. Peysson},
  title = {Physics of Discharges with Vanishing Loop Voltage},
  journal = {Fusion Science and Technology},
  year = {2009},
  volume = {56},
  pages = {1381},
  owner = {HA224578},
  timestamp = {2015.08.31}
}

@ARTICLE{Gao_alcator_LOCSOC_ITGTEM_nonlocaltransport,
  author = {C. Gao and J.E. Rice and H.J. Sun and M.L. Reinke and N.T. Howard
	and D. Mikkelson and A.E. Hubbard and M.A. Chilenski and J.R. Walk
	and J.W. Hughes and P.C. Ennever and M. Porkolab and A.E. White and
	C. Sung and L. Delgado-Aparicio and S.G. Baek and W.L. Rowan and
	M.W. Brookman and M.J. Greenwald and R.S. Granetz and S.W. Wolfe
	and E.S. Marmar and The Alcator C-Mod Team},
  title = {Non-local heat transport in Alcator C-Mod ohmic L-mode plasmas},
  journal = {Nuclear Fusion},
  year = {2014},
  volume = {54},
  pages = {083025},
  owner = {HA224578},
  timestamp = {2015.01.09},
  url = {http://stacks.iop.org/0029-5515/54/i=8/a=083025}
}

@ARTICLE{Garbet_09_ITERschool,
  author = {Garbet, X.},
  title = {Introduction to the Theory of Confinement},
  journal = {ITER School},
  year = {2009},
  owner = {HA224578},
  timestamp = {2015.07.14}
}

@BOOK{Garbet_HDR_2015,
  title = {Instabiliti\'es, turbulence, et transport dans un plasma magn\'etis\'e},
  publisher = {Aix Marseille Universit\'e},
  year = {2001},
  author = {Garbet, X.},
  owner = {HA224578},
  timestamp = {2015.07.05}
}

@ARTICLE{Garbet_PoP_2010_Er_example,
  author = {Garbet, X. and Abiteboul, J. and Trier, E. and G\"urcan, \"O and
	Sarazin, Y. and Smolyakov, A. and Allfrey, S. and Bourdelle, C. and
	Fenzi, C. and Grandgirard, V. and Ghendrih, P. and Hennequin, P.},
  title = {Entropy production rate in tokamaks with nonaxisymmetric magnetic
	fields},
  journal = {Physics of Plasmas},
  year = {2010},
  volume = {17},
  pages = {072505},
  number = {7},
  doi = {http://dx.doi.org/10.1063/1.3454365},
  owner = {HA224578},
  timestamp = {2015.05.27},
  url = {http://scitation.aip.org/content/aip/journal/pop/17/7/10.1063/1.3454365}
}

@ARTICLE{Garbet_PRL_03_turb_particle_transp,
  author = {Garbet, X. and Garzotti, L. and Mantica, P. and Nordman, H. and Valovic,
	M. and Weisen, H. and Angioni, C.},
  title = {Turbulent Particle Transport in Magnetized Plasmas},
  journal = {Phys. Rev. Lett.},
  year = {2003},
  volume = {91},
  pages = {035001},
  doi = {10.1103/PhysRevLett.91.035001},
  issue = {3},
  numpages = {4},
  publisher = {American Physical Society},
  url = {http://link.aps.org/doi/10.1103/PhysRevLett.91.035001}
}

@ARTICLE{Garbet_NF_10_gyrokinetic,
  author = {X. Garbet and Y. Idomura and L. Villard and T.H. Watanabe},
  title = {Gyrokinetic simulations of turbulent transport},
  journal = {Nuclear Fusion},
  year = {2010},
  volume = {50},
  pages = {043002},
  owner = {HA224578},
  timestamp = {2015.07.04},
  url = {http://stacks.iop.org/0029-5515/50/i=4/a=043002}
}

@ARTICLE{Garbet_ITGTEM_2004_PPCF_EPS,
  author = {Garbet, X and Mantica, P and Angioni, C and Asp, E and Baranov, Y
	and Bourdelle, C and Budny, R and Crisanti, F and Cordey, G and Garzotti,
	L and Kirneva, N and Hogeweij, D and Hoang, T and Imbeaux, F and
	Joffrin, E and Litaudon, X and Manini, A and McDonald, C and Nordman,
	H and Parail, V and Peeters, A and Ryter, F and Sozzi, C and Valovic,
	M and Tala, T and Thyagaraja, A and Voitsekhovitch, I and Weiland,
	J and Weisen, H and Zabolotsky, A},
  title = {Physics of transport in tokamaks},
  journal = {Plasma Physics and Controlled Fusion},
  year = {2004},
  volume = {46},
  pages = {B557},
  doc-delivery-number = {{894QI}},
  journal-iso = {{Plasma Phys. Control. Fusion}},
  keywords-plus = {{L-MODE PLASMAS; GRADIENT-DRIVEN TURBULENCE; DIII-D TOKAMAK; ASDEX
	UPGRADE; H-MODE; PARTICLE-TRANSPORT; POLOIDAL ROTATION; MAGNETIC
	SHEAR; TORE-SUPRA; ENERGY CONFINEMENT}},
  language = {{English}},
  number-of-cited-references = {{110}},
  organization = {{European Phys Soc}},
  owner = {HA224578},
  publisher = {{IOP PUBLISHING LTD}},
  research-areas = {{Physics}},
  researcherid-numbers = {{Peeters, Arthur/A-1281-2009 Sozzi, Carlo/F-4158-2012 Mantica, Paola/K-3033-2012
	Imbeaux, Frederic/A-7614-2013}},
  times-cited = {{75}},
  timestamp = {2013.07.25},
  type = {{Article; Proceedings Paper}},
  unique-id = {{ISI:000226806300047}},
  web-of-science-categories = {{Physics, Fluids \& Plasmas; Physics, Nuclear}}
}

@ARTICLE{Garbet_1992_NuclFus_LOCSOC_TEM,
  author = {X. Garbet and J. Payan and C. Laviron and P. Devynck and S.K. Saha
	and H. Capes and X.P. Chen and J.P. Coulon and C. Gil and G.R. Harris
	and T. Hutter and A.-L. Pecquet and A. Truc and P. Hennequin and
	F. Gervais and A. Quemeneur},
  title = {Turbulence and energy confinement in TORE SUPRA Ohmic discharges},
  journal = {Nuclear Fusion},
  year = {1992},
  volume = {32},
  pages = {2147}
}

@ARTICLE{Garbet_96_PoP_TRBcode_fluid,
  author = {Garbet, X. and Waltz, R. E.},
  title = {Action at distance and Bohm scaling of turbulence in tokamaks},
  journal = {Physics of Plasmas},
  year = {1996},
  volume = {3},
  pages = {1898},
  doi = {http://dx.doi.org/10.1063/1.871985},
  owner = {HA224578},
  timestamp = {2015.08.29},
  url = {http://scitation.aip.org/content/aip/journal/pop/3/5/10.1063/1.871985}
}

@BOOK{George_turb,
  title = {Lectures in Turbulence for the 21st Century},
  author = {William K. George},
  owner = {HA224578},
  timestamp = {2015.07.19}
}

@PHDTHESIS{Gerbaud_thesis_06,
  author = {Gerbaud, T},
  title = {\'Etude de la microturbulence par r\'eflectom\'etrie dans un plasma
	de fusion sur le tokamak Tore-Supra},
  year = {2006},
  owner = {HA224578},
  timestamp = {2015.07.18}
}

@ARTICLE{Girardo_PoP_14_eGAM,
  author = {Girardo, Jean-Baptiste and Zarzoso, David and Dumont, R\'emi and
	Garbet, Xavier and Sarazin, Yanick and Sharapov, Sergei},
  title = {Relation between energetic and standard geodesic acoustic modes},
  journal = {Physics of Plasmas},
  year = {2014},
  volume = {21},
  pages = {092507},
  doi = {http://dx.doi.org/10.1063/1.4895479},
  owner = {HA224578},
  timestamp = {2015.07.30},
  url = {http://scitation.aip.org/content/aip/journal/pop/21/9/10.1063/1.4895479}
}

@ARTICLE{Golfinopoulos_PoP_2014_QC_EDAHmode_Alcator,
  author = {Golfinopoulos, T. and LaBombard, B. and Parker, R. R. and Burke,
	W. and Davis, E. and Granetz, R. and Greenwald, M. and Irby, J. and
	Leccacorvi, R. and Marmar, E. and Parkin, W. and Porkolab, M. and
	Terry, J. and Vieira, R. and Wolfe, S. and Alcator C-Mod team},
  title = {External excitation of a short-wavelength fluctuation in the Alcator
	C-Mod edge plasma and its relationship to the quasi-coherent mode},
  journal = {Physics of Plasmas},
  year = {2014},
  volume = {21},
  pages = {056111},
  doi = {http://dx.doi.org/10.1063/1.4873595},
  owner = {HA224578},
  timestamp = {2015.01.11},
  url = {http://scitation.aip.org/content/aip/journal/pop/21/5/10.1063/1.4873595}
}

@ARTICLE{Gonich_PoP_LHCDnegative_shear,
  author = {Goniche, M. and Dumont, R. and Bourdelle, C. and Decker, J. and Delpech,
	L. and Ekedahl, A. and Guilhem, D. and Guimar\~aes-Filho, Z. and
	Litaudon, X. and Lotte, Ph. and Maget, P. and Mazon, D. and Saoutic,
	B. and Tore Supra Team},
  title = {Advances in long pulse operation at high radio frequency power in
	Tore Supra},
  journal = {Physics of Plasmas},
  year = {2014},
  volume = {21},
  pages = {061515},
  doi = {http://dx.doi.org/10.1063/1.4884357},
  owner = {HA224578},
  timestamp = {2015.08.31},
  url = {http://scitation.aip.org/content/aip/journal/pop/21/6/10.1063/1.4884357}
}

@ARTICLE{Gorler_JoCP_2011_GENE_ref,
  author = {T. Goeler and X. Lapillonne and S. Brunner and T. Dannert and F.
	Jenko and F. Merz and D. Told},
  title = {The global version of the gyrokinetic turbulence code \{GENE\} },
  journal = {Journal of Computational Physics },
  year = {2011},
  volume = {230},
  pages = {7053 - 7071},
  number = {18},
  doi = {http://dx.doi.org/10.1016/j.jcp.2011.05.034},
  issn = {0021-9991},
  keywords = {Plasma turbulence},
  owner = {HA224578},
  timestamp = {2014.01.28}
}

@ARTICLE{Greenwald_FST_2007_QCmodes_Cmod,
  author = {M. Greenwald and N. Basse and P. Bonoli and R. Bravenec and E. Edlund
	and D. Ernst and C. Fiore and R. Granetz and A. Hubbard and J. Hughes
	and I. Hutchinson and J. Irby and B. LaBombard and L. Lin and Y.
	Lin and B. Lipschultz and E. Marmar and D. Mikkelsen and D. Mossessian
	and P. Phillips and M. Porkolab and J. Rice and W. Rowan and S. Scott
	and J. Snipes and J. Terry and S. Wolfe and S. Wukitch and K. Zhurovich},
  title = {Confinement and transport research in Alcator C-Mod},
  journal = {Fusion Science and Technology},
  year = {2007},
  volume = {51},
  pages = {266},
  owner = {HA224578},
  timestamp = {2014.03.12}
}

@ARTICLE{Greenwald_PoP_1999_QCmodes_EDAHmode,
  author = {Greenwald, M. and Boivin, R. and Bonoli, P. and Budny, R. and Fiore,
	C. and Goetz, J. and Granetz, R. and Hubbard, A. and Hutchinson,
	I. and Irby, J. and LaBombard, B. and Lin, Y. and Lipschultz, B.
	and Marmar, E. and Mazurenko, A. and Mossessian, D. and Sunn Pedersen,
	T. and Pitcher, C. S. and Porkolab, M. and Rice, J. and Rowan, W.
	and Snipes, J. and Schilling, G. and Takase, Y. and Terry, J. and
	Wolfe, S. and Weaver, J. and Welch, B. and Wukitch, S.},
  title = {Characterization of enhanced D high-confinement modes in Alcator
	C-Mod},
  journal = {Physics of Plasmas},
  year = {1999},
  volume = {6},
  pages = {1943},
  doi = {http://dx.doi.org/10.1063/1.873451},
  owner = {HA224578},
  timestamp = {2015.01.11},
  url = {http://scitation.aip.org/content/aip/journal/pop/6/5/10.1063/1.873451}
}

@ARTICLE{Guimaraes_NuclFus_2012_electronic_fishbones,
  author = {Guimar\~{a}es-Filho, Z.O. and Benkadda, S. and Elbeze, D. and Botrugno,
	A. and Buratti, P. and Calabr\'{o}, G. and Decker, J. and Dubuit,
	N. and Garbet, X and Maget, P. and Merle, A. and Pucella, G.and Sabot,
	R. and Tuccillo, A.A. and Zonca, F.},
  title = {Electron fishbones in FTU and Tore Supra tokamaks},
  journal = {Nuclear Fusion},
  year = {2012},
  volume = {52},
  pages = {094009},
  owner = {HA224578},
  timestamp = {2013.06.07}
}

@ARTICLE{Guimaraes_PPCF_2011_efishbones,
  author = {Guimar\~{a}es-Filho, Z.O. and Elbeze, D. and Sabot, R. and Molina,
	D. and Segui, J.L. and Nguyen, C. and Decker, J. and Maget, P. and
	Merle, A. and Garbet, X. and Dubuit, N. and Benkadda, S.},
  title = {Energetic particle driven magnetohydrodynamic instabilities during
	relaxation cycles in Tore Supra},
  journal = {Plasma Physics and Controlled Fusion},
  year = {2011},
  volume = {53},
  pages = {074012},
  owner = {HA224578},
  timestamp = {2013.06.11}
}

@BOOK{Guirlet_cours,
  title = {Transport in tokamak plasmas},
  publisher = {Lecture given in the french master in fusion sciences},
  author = {R. Guirlet},
  owner = {HA224578},
  timestamp = {2013.11.04}
}

@ARTICLE{Guirlet_NF_2009_detailsdiag,
  author = {R. Guirlet and D. Villegas and T. Parisot and C. Bourdelle and X.
	Garbet and F. Imbeaux and D. Mazon and D. Pacella},
  title = {Anomalous transport of light and heavy impurities in Tore Supra ohmic,
	weakly sawtoothing plasmas},
  journal = {Nuclear Fusion},
  year = {2009},
  volume = {49},
  pages = {055007},
  url = {http://stacks.iop.org/0029-5515/49/i=5/a=055007}
}

@ARTICLE{Guttenfelder_PRL_2008_TEM_stellarator,
  author = {Guttenfelder, W. and Lore, J. and Anderson, D. T. and Anderson, F.
	S. B. and Canik, J. M. and Dorland, W. and Likin, K. M. and Talmadge,
	J. N.},
  title = {Effect of Quasihelical Symmetry on Trapped-Electron Mode Transport
	in the HSX Stellarator},
  journal = {Phys. Rev. Lett.},
  year = {2008},
  volume = {101},
  pages = {215002},
  doi = {10.1103/PhysRevLett.101.215002},
  issue = {21},
  numpages = {4},
  owner = {HA224578},
  publisher = {American Physical Society},
  timestamp = {2015.06.28},
  url = {http://link.aps.org/doi/10.1103/PhysRevLett.101.215002}
}

@CONFERENCE{Hacquin_13_URSI,
  author = {Hacquin, S},
  title = {Development of a European 3D full-wave reflectometer simulation code},
  year = {2013},
  address = {Communication at Journes scientifiques URSI-France, CNAM Paris},
  owner = {HA224578},
  timestamp = {2015.07.10}
}

@ARTICLE{Hacquin_NF_06_Alfen_JET,
  author = {S. Hacquin and B. Alper and S. Sharapov and D. Borba and C. Boswell
	and J. Fessey and L. Meneses and M. Walsh and JET EFDA contributors},
  title = {Characterization of Alfv\'en cascades on the JET tokamak using a
	multi-channel O-mode reflectometer diagnostic},
  journal = {Nuclear Fusion},
  year = {2006},
  volume = {46},
  pages = {S714},
  owner = {HA224578},
  timestamp = {2015.08.30},
  url = {http://stacks.iop.org/0029-5515/46/i=9/a=S07}
}

@CONFERENCE{Hacquin_IRW12_2015_diagsynth,
  author = {Hacquin, S. and Citrin, J. and Arnichand, H. and Sabot, R. and Bourdelle,
	C. and Garbet X. and the Tore Supra Team},
  title = {Reflectometry simulations using gyrokinetic code data or study of
	quasi-oherent modes},
  year = {2015},
  address = {12th International Reflectometry Workshop (IRW12), FZ-J\"ulich, Germany},
  owner = {HA224578},
  timestamp = {2013.06.06}
}

@ARTICLE{Hacquin_RSI_04_JETKG8b,
  author = {Hacquin, S. and Meneses, L. and Cupido, L. and Cruz, N. and Kokonchev,
	L. and Prentice, R. and Gowers, C.},
  title = {Upgrade of the X-mode reflectometry diagnostic for radial correlation
	measurements in the Joint European Torus},
  journal = {Review of Scientific Instruments},
  year = {2004},
  volume = {75},
  pages = {3834},
  doi = {http://dx.doi.org/10.1063/1.1783608},
  owner = {HA224578},
  timestamp = {2015.07.10},
  url = {http://scitation.aip.org/content/aip/journal/rsi/75/10/10.1063/1.1783608}
}


@ARTICLE{Helander_PoP_2013_TEMstellarator,
  author = {Helander, P. and Proll, J. H. E. and Plunk, G. G.},
  title = {Collisionless microinstabilities in stellarators. I. Analytical theory
	of trapped-particle modes},
  journal = {Physics of Plasmas},
  year = {2013},
  volume = {20},
  number = {12},
  eid = {122505},
  doi = {http://dx.doi.org/10.1063/1.4846818},
  owner = {HA224578},
  timestamp = {2015.05.27},
  url = {http://scitation.aip.org/content/aip/journal/pop/20/12/10.1063/1.4846818}
}

@ARTICLE{Hennequin_NF_2006_Doppler_spectre_large_f_spectre_k,
  author = {P. Hennequin and C. Honor\'{e} and A. Truc and A. Qu\'{e}m\'{e}neur
	and C. Fenzi-Bonizec and C. Bourdelle and X. Garbet and G.T. Hoang
	and the Tore Supra team},
  title = {Fluctuation spectra and velocity profile from Doppler backscattering
	on Tore Supra},
  journal = {Nuclear Fusion},
  year = {2006},
  volume = {46},
  pages = {S771},
  number = {9},
  owner = {HA224578},
  timestamp = {2014.01.28}
}

@CONFERENCE{Hennequin_EPS_1999_first_doppler,
  author = {P. Hennequin and C. Honor\"e and A. Qu\'{e}m\'{e}neur and A. Truc
	and F. Gervais and C. Fenzi and R.Sabot},
  title = {Analysis of density fluctuation frequency spectra in Tore Supra as
	a tool for studying plasma motion and transport properties},
  year = {1999},
  address = {26th EPS Conf. Controlled Fusion and Plasma Physics, Maastricht,
	The Netherlands},
  owner = {HA224578},
  timestamp = {2014.05.26}
}

@ARTICLE{Hennequin_PPCF_2004_Doppler_high_k_scaling,
  author = {P Hennequin and R Sabot and C Honor\'{e} and G T Hoang and X Garbet
	and A Truc and C Fenzi and A Quemenur},
  title = {Scaling laws of density fluctuations at high- k on Tore Supra},
  journal = {Plasma Physics and Controlled Fusion},
  year = {2004},
  volume = {46},
  pages = {B121},
  number = {12B},
  owner = {HA224578},
  timestamp = {2014.01.28}
}

@CONFERENCE{Hillesheim_IRW12_KG8C_doppler,
  author = {J. C. Hillesheim},
  title = {Radial electric field measurements with Doppler backscattering in
	JET},
  year = {2015},
  address = {12th International Reflectometry Workshop (IRW12), FZ-J\"ulich, Germany},
  owner = {HA224578},
  timestamp = {2014.05.26}
}

@ARTICLE{Hillesheim_PoP_2013_DIIID_TEM_CECE,
  author = {Hillesheim, J. C. and DeBoo, J. C. and Peebles, W. A. and Carter,
	T. A. and Wang, G. and Rhodes, T. L. and Schmitz, L. and McKee, G.
	R. and Yan, Z. and Staebler, G. M. and Burrell, K. H. and Doyle,
	E. J. and Holland, C. and Petty, C. C. and Smith, S. P. and White,
	A. E. and Zeng, L.},
  title = {Experimental characterization of multiscale and multifield turbulence
	as a critical gradient threshold is surpassed in the DIII-D tokamak},
  journal = {Physics of Plasmas},
  year = {2013},
  volume = {20},
  pages = {056115},
  doi = {http://dx.doi.org/10.1063/1.4807123},
  url = {http://scitation.aip.org/content/aip/journal/pop/20/5/10.1063/1.4807123}
}

@ARTICLE{Hillesheim_PRL_2013_TEM_QC_CECE,
  author = {Hillesheim, J. C. and DeBoo, J. C. and Peebles, W. A. and Carter,
	T. A. and Wang, G. and Rhodes, T. L. and Schmitz, L. and McKee, G.
	R. and Yan, Z. and Staebler, G. M. and Burrell, K. H. and Doyle,
	E. J. and Holland, C. and Petty, C. C. and Smith, S. P. and White,
	A. E. and Zeng, L.},
  title = {Observation of a Critical Gradient Threshold for Electron Temperature
	Fluctuations in the DIII-D Tokamak},
  journal = {Phys. Rev. Lett.},
  year = {2013},
  volume = {110},
  pages = {045003},
  doi = {10.1103/PhysRevLett.110.045003},
  issue = {4},
  numpages = {6},
  publisher = {American Physical Society}
}

@ARTICLE{Hillesheim_RSI_10,
  author = {Hillesheim, J. C. and Peebles, W. A. and Rhodes, T. L. and Schmitz,
	L. and White, A. E. and Carter, T. A.},
  title = {New plasma measurements with a multichannel millimeter-wave fluctuation
	diagnostic system in the DIII-D tokamak (invited)a)},
  journal = {Review of Scientific Instruments},
  year = {2010},
  volume = {81},
  pages = {10D907},
  doi = {http://dx.doi.org/10.1063/1.3466900},
  owner = {HA224578},
  timestamp = {2015.10.16},
  url = {http://scitation.aip.org/content/aip/journal/rsi/81/10/10.1063/1.3466900}
}

@ARTICLE{Hirsch_PPCF_2004_Doppler,
  author = {M Hirsch and E Holzhauer},
  title = {Doppler reflectometry with optimized temporal resolution for the
	measurement of turbulence and its propagation velocity},
  journal = {Plasma Physics and Controlled Fusion},
  year = {2004},
  volume = {46},
  pages = {593},
  owner = {HA224578},
  timestamp = {2015.07.06},
  url = {http://stacks.iop.org/0741-3335/46/i=4/a=002}
}

@ARTICLE{Hirsch_PPCF_01_DOPPLER,
  author = {M Hirsch and E Holzhauer and J Baldzuhn and B Kurzan and B Scott},
  title = {Doppler reflectometry for the investigation of propagating density
	perturbations},
  journal = {Plasma Physics and Controlled Fusion},
  year = {2001},
  volume = {43},
  pages = {1641},
  number = {12},
  owner = {HA224578},
  timestamp = {2015.07.02},
  url = {http://stacks.iop.org/0741-3335/43/i=12/a=302}
}

@ARTICLE{hoang_NF_98_point_towardETG,
  author = {G.T. Hoang and B. Saoutic and L. Guiziou and V. Basiuk and A. B\'{e}coulet
	and R.V. Budny and F. Clairet and L. Colas and P. Devynck and C.
	Gil and E. Joffrin and X. Litaudon and J.-L. S\'egui and I. Voitsekhovitch
	and X.L. Zou},
  title = {Magnetic shear effects on confinement and electron heat transport
	in Tore Supra discharges with electron heating},
  journal = {Nuclear Fusion},
  year = {1998},
  volume = {38},
  pages = {117},
  number = {1},
  owner = {HA224578},
  timestamp = {2015.05.25},
  url = {http://stacks.iop.org/0029-5515/38/i=1/a=311}
}

@ARTICLE{Hoang_2004_PRL_ITG_TEM_pinch,
  author = {Hoang, G. T. and Bourdelle, C. and Garbet, X. and Artaud, J. F. and
	Basiuk, V. and Bucalossi, J. and Clairet, F. and Fenzi-Bonizec, C.
	and Gil, C. and S\'egui, J. L. and Trav\`ere, J. M. and Tsitrone,
	E. and Vermare, L.},
  journal = {Phys. Rev. Lett.},
  year = {2004},
  volume = {93},
  pages = {135003},
  doi = {10.1103/PhysRevLett.93.135003},
  issue = {13},
  numpages = {4},
  publisher = {American Physical Society}
}

@ARTICLE{Hoand_PRL_2001_threshold_ETG_etransport,
  author = {Hoang, G. T. and Bourdelle, C. and Garbet, X. and Giruzzi, G. and
	Aniel, T. and Ottaviani, M. and Horton, W. and Zhu, P. and Budny,
	R. V.},
  title = {Experimental Determination of Critical Threshold in Electron Transport
	on Tore Supra},
  journal = {Phys. Rev. Lett.},
  year = {2001},
  volume = {87},
  pages = {125001},
  issue = {12},
  numpages = {4},
  publisher = {American Physical Society}
}

@BOOK{Hogeweij_cours,
  title = {Degraded confinement and turbulence in tokamak experiments},
  publisher = {Lecture given in the carolus magnus summer school},
  author = {G. M. D. Hogeweij},
  owner = {HA224578},
  timestamp = {2013.11.04}
}

@ARTICLE{Holland_NF_2013_ITG_TEM_Gyro_DIID,
  author = {C. Holland and J.E. Kinsey and J.C. DeBoo and K.H. Burrell and T.C.
	Luce and S.P. Smith and C.C. Petty and A.E. White and T.L. Rhodes
	and L. Schmitz and E.J. Doyle and J.C. Hillesheim and G.R. McKee
	and Z. Yan and G. Wang and L. Zeng and B.A. Grierson and A. Marinoni
	and P. Mantica and P.B. Snyder and R.E. Waltz and G.M. Staebler and
	J. Candy},
  title = {Validation studies of gyrofluid and gyrokinetic predictions of transport
	and turbulence stiffness using the DIII-D tokamak},
  journal = {Nuclear Fusion},
  year = {2013},
  volume = {53},
  pages = {083027},
  number = {8},
  owner = {HA224578},
  timestamp = {2014.01.28}
}

@ARTICLE{Holland_PoP_2011_GYRO_DIIID,
  author = {Holland, C. and Schmitz, L. and Rhodes, T. L. and Peebles, W. A.
	and Hillesheim, J. C. and Wang, G. and Zeng, L. and Doyle, E. J.
	and Smith, S. P. and Prater, R. and Burrell, K. H. and Candy, J.
	and Waltz, R. E. and Kinsey, J. E. and Staebler, G. M. and DeBoo,
	J. C. and Petty, C. C. and McKee, G. R. and Yan, Z. and White, A.
	E.},
  title = {Advances in validating gyrokinetic turbulence models against L- and
	H-mode plasmas a)},
  journal = {Physics of Plasmas},
  year = {2011},
  volume = {18},
  pages = {-},
  number = {5},
  eid = {056113},
  doi = {http://dx.doi.org/10.1063/1.3574518},
  owner = {HA224578},
  timestamp = {2014.01.28}
}

@ARTICLE{Hornsby_15_PPCF_MHD_turb,
  author = {W A Hornsby and P Migliano and R Buchholz and D Zarzoso and F J Casson
	and E Poli and A G Peeters},
  title = {On seed island generation and the non-linear self-consistent interaction
	of the tearing mode With electromagnetic gyro-kinetic turbulence},
  journal = {Plasma Physics and Controlled Fusion},
  year = {2015},
  volume = {57},
  pages = {054018},
  number = {5},
  owner = {HA224578},
  timestamp = {2015.08.29},
  url = {http://stacks.iop.org/0741-3335/57/i=5/a=054018}
}

@PHDTHESIS{Greg_PhD_thesis,
  author = {G. Hornung},
  title = {Study of plasma turbulence by ultrafast sweeping reflectometry on
	the Tore Supra tokamak (Appendix C)},
  year = {2013},
  school = {Aix-Marseille University},
  owner = {HA224578},
  timestamp = {2013.07.25},
  url = {http://tel.archives-ouvertes.fr/tel-01052756}
}

@ARTICLE{Hornung_PPCF_2013_ultra_fast,
  author = {G Hornung and F Clairet and G L Falchetto and R Sabot and H Arnichand
	and L Vermare},
  title = {Turbulence correlation properties measured with ultrafast sweeping
	reflectometry on Tore Supra},
  journal = {Plasma Physics and Controlled Fusion},
  year = {2013},
  volume = {55},
  pages = {125013},
  owner = {HA224578},
  timestamp = {2013.12.04}
}

@BOOK{Horton_book_2012_shimomura,
  title = {Turbulence Transport in Magnetized Plasmas},
  publisher = {World Scientific},
  year = {2012},
  author = {W. Horton},
  pages = {429},
  owner = {HA224578},
  timestamp = {2014.07.22}
}

@ARTICLE{Horton_1999_RevModPhys_driftwaves,
  author = {Horton, W.},
  title = {Drift waves and transport},
  journal = {Rev. Mod. Phys.},
  year = {1999},
  volume = {71},
  pages = {735--778},
  doi = {10.1103/RevModPhys.71.735},
  issue = {3},
  publisher = {American Physical Society}
}

@ARTICLE{Horton_PoF_81_ITG,
  author = {Horton, Wendell and Choi, Duk In and Tang, W. M.},
  title = {Toroidal drift modes driven by ion pressure gradients},
  journal = {Physics of Fluids},
  year = {1981},
  volume = {24},
  pages = {1077},
  doi = {http://dx.doi.org/10.1063/1.863486},
  owner = {HA224578},
  timestamp = {2015.07.21},
  url = {http://scitation.aip.org/content/aip/journal/pof1/24/6/10.1063/1.863486}
}

@ARTICLE{Horton_PoF_88_ETG,
  author = {Horton, W. and Hong, B. G. and Tang, W. M.},
  title = {Toroidal electron temperature gradient driven drift modes},
  journal = {Physics of Fluids},
  year = {1988},
  volume = {31},
  pages = {2971-2983},
  number = {10},
  doi = {http://dx.doi.org/10.1063/1.866954},
  owner = {HA224578},
  timestamp = {2015.07.21},
  url = {http://scitation.aip.org/content/aip/journal/pof1/31/10/10.1063/1.866954}
}

@ARTICLE{Houtte_04,
  author = {D. van Houtte and G. Martin and A. B\'ecoulet and J. Bucalossi and
	G. Giruzzi and G.T. Hoang and Th. Loarer and B. Saoutic and the Tore
	Supra Team},
  title = {Recent fully non-inductive operation results in Tore Supra with 6
	min, 1 GJ plasma discharges},
  journal = {Nuclear Fusion},
  year = {2004},
  volume = {44},
  pages = {L11},
  owner = {HA224578},
  timestamp = {2015.08.31},
  url = {http://stacks.iop.org/0029-5515/44/i=5/a=L01}
}

@ARTICLE{Howard_NF_2013_ITG_TEM_Gyro_Alcator,
  author = {N.T. Howard and A.E. White and M.L. Reinke and M. Greenwald and C.
	Holland and J. Candy and J.R. Walk},
  title = {Validation of the gyrokinetic model in ITG and TEM dominated L-mode
	plasmas},
  journal = {Nuclear Fusion},
  year = {2013},
  volume = {53},
  pages = {123011},
  number = {12},
  url = {http://stacks.iop.org/0029-5515/53/i=12/a=123011}
}

@ARTICLE{hubbard_2001_PoP_QCmodes_EDAHmode_alcator,
  author = {Hubbard, A. E. and Boivin, R. L. and Granetz, R. S. and Greenwald,
	M. and Hughes, J. W. and Hutchinson, I. H. and Irby, J. and LaBombard,
	B. and Lin, Y. and Marmar, E. S. and Mazurenko, A. and Mossessian,
	D. and Nelson-Melby, E. and Porkolab, M. and Snipes, J. A. and Terry,
	J. and Wolfe, S. and Wukitch, S. and Carreras, B. A. and Klein, V.
	and Pedersen, T. Sunn},
  title = {Pedestal profiles and fluctuations in C-Mod enhanced D-alpha H-modes},
  journal = {Physics of Plasmas},
  year = {2001},
  volume = {8},
  pages = {2033},
  doi = {http://dx.doi.org/10.1063/1.1348329},
  owner = {HA224578},
  timestamp = {2015.01.11},
  url = {http://scitation.aip.org/content/aip/journal/pop/8/5/10.1063/1.1348329}
}

@ARTICLE{Hurricane_Nat_14_NIF,
  author = {Hurricane, O. A. and Callahan, D. A. and Casey, D. T. and Celliers,
	P. M. and Cerjan, C. and Dewald, E. L. and Dittrich, T. R. and Doppner,
	T. and Hinkel, D. E. and Hopkins, L. F. and BerzakKline, J. L. and
	Le Pape, S. and Ma, T. and MacPhee, A. G. and Milovich, J. L. and
	Pak, A. and Park, H.-S. and Patel, P. K. and Remington, B. A. and
	Salmonson, J. D. and Springer, P. T. and Tommasini, R.},
  title = {Fuel gain exceeding unity in an inertially confined fusion implosion},
  journal = {Nature},
  year = {2014},
  volume = {506},
  pages = {343},
  owner = {HA224578},
  timestamp = {2015.07.17}
}

@ARTICLE{imbeaux_NF_11_ramp_up,
  author = {F. Imbeaux and J. Citrin and J. Hobirk and G.M.D. Hogeweij and F.
	K?chl and V.M. Leonov and S. Miyamoto and Y. Nakamura and V. Parail
	and G. Pereverzev and A. Polevoi and I. Voitsekhovitch and V. Basiuk
	and R. Budny and T. Casper and J. Fereira and A. Fukuyama and J.
	Garcia and Y.V. Gribov and N. Hayashi and M. Honda and I.H. Hutchinson
	and G. Jackson and A.A. Kavin and C.E. Kessel and R.R. Khayrutdinov
	and C. Labate and X. Litaudon and P.J. Lomas and J. L?nnroth and
	T. Luce and V.E. Lukash and M. Mattei and D. Mikkelsen and I. Nunes
	and Y. Peysson and P. Politzer and M. Schneider and G. Sips and G.
	Tardini and S.M. Wolfe and V.E. Zhogolev and ASDEX Upgrade Team and
	C-Mod Team and DIII-D Team and JET-EFDA contributors and JT-60U Team
	and Tore Supra Team and contributors of the EU-ITM ITER Scenario
	Modelling group and ITPA ¡®Integrated Operation Scenarios¡¯ group
	members and experts and ITPA ¡®Transport and Confinement¡¯ group
	members and experts},
  title = {Current ramps in tokamaks: from present experiments to ITER scenarios},
  journal = {Nuclear Fusion},
  year = {2011},
  volume = {51},
  pages = {083026},
  owner = {HA224578},
  timestamp = {2015.08.06},
  url = {http://stacks.iop.org/0029-5515/51/i=8/a=083026}
}

@ARTICLE{Imbeaux_05,
  author = {F Imbeaux and Y Peysson},
  title = {Ray-tracing and Fokker¨CPlanck modelling of the effect of plasma
	current on the propagation and absorption of lower hybrid waves},
  journal = {Plasma Physics and Controlled Fusion},
  year = {2005},
  volume = {47},
  pages = {2041},
  number = {11},
  owner = {HA224578},
  timestamp = {2015.08.31},
  url = {http://stacks.iop.org/0741-3335/47/i=11/a=012}
}

@ARTICLE{Ishizawa_NF_07_MHD_Turb,
  author = {A. Ishizawa and N. Nakajima},
  title = {Multi-scale-nonlinear interactions among micro-turbulence, double
	tearing instability and zonal flows},
  journal = {Nuclear Fusion},
  year = {2007},
  volume = {47},
  pages = {1540},
  number = {11},
  owner = {HA224578},
  timestamp = {2015.08.29},
  url = {http://stacks.iop.org/0029-5515/47/i=11/a=016}
}

@ARTICLE{Jenko_2000_PoP_ETG,
  author = {Jenko, F. and Dorland, W. and Kotschenreuther, M. and Rogers, B.
	N.},
  title = {Electron temperature gradient driven turbulence},
  journal = {Physics of Plasmas},
  year = {2000},
  volume = {7},
  pages = {1904-1910},
  number = {5},
  doi = {http://dx.doi.org/10.1063/1.874014},
  owner = {HA224578},
  timestamp = {2013.11.05}
}

@ARTICLE{Jenko_NF_2013_GENE_TEM_ITG_ETG,
  author = {F. Jenko and D. Told and T. G\"{o}rler and J. Citrin and A. Ban\'{o}n
	Navarro and C. Bourdelle and S. Brunner and G. Conway and T. Dannert
	and H. Doerk and D.R. Hatch and J.W. Haverkort and J. Hobirk and
	G.M.D. Hogeweij and P. Mantica and M.J. Pueschel and O. Sauter and
	L. Villard and E. Wolfrum and the ASDEX Upgrade Team},
  journal = {Nuclear Fusion},
  year = {2013},
  volume = {53},
  pages = {073003},
  number = {7},
  abstract = {One of the key challenges for plasma theory and simulation in view
	of ITER is to enhance the understanding and predictive capability
	concerning high-performance discharges. This involves, in particular,
	questions about high- ¦Â operation, ion temperature profile stiffness,
	and the physics of transport barriers. The goal of this contribution
	is to shed light on these issues by means of physically comprehensive
	ab initio simulations with the global gyrokinetic code GENE, applied
	to discharges in TCV, ASDEX Upgrade, and JET¡ªwith direct relevance
	to ITER.},
  owner = {HA224578},
  timestamp = {2014.01.28}
}

@ARTICLE{Kadomtsev_mixing_length,
  author = {B.B. Kadomtsev},
  title = {Plasma Turbulence (translated
	
	by L.C. Ronson from the 1964 Russian edition, in: Leontovich, M.A.,
	Rusbridge,
	
	M.C. (Eds.), Problems in Plasma Theory Trans.).},
  journal = {Academic Press},
  year = {1965},
  owner = {HA224578},
  timestamp = {2015.09.02}
}

@ARTICLE{Kadomstev_1967_Soviet_trapped,
  author = {B. B. Kadomtsev and O. P. Pogutse},
  title = {Plasma instability due to particle trapping in a toroidal geometry},
  journal = {Soviet Physics JETP},
  year = {1967},
  volume = {24},
  pages = {1172},
  owner = {HA224578},
  timestamp = {2013.06.09}
}

@ARTICLE{Kammerer_PoP_08_mixed_mode,
  author = {Kammerer, M. and Merz, F. and Jenko, F.},
  title = {Exceptional points in linear gyrokinetics},
  journal = {Physics of Plasmas},
  year = {2008},
  volume = {15},
  pages = {052102},
  doi = {http://dx.doi.org/10.1063/1.2909618},
  owner = {HA224578},
  timestamp = {2015.08.03},
  url = {http://scitation.aip.org/content/aip/journal/pop/15/5/10.1063/1.2909618}
}

@ARTICLE{Keilhacker_NF_01_JETsuccess,
  author = {M. Keilhacker and A. Gibson and C. Gormezano and P.H. Rebut},
  title = {The scientific success of JET},
  journal = {Nuclear Fusion},
  year = {2001},
  volume = {41},
  pages = {1925},
  owner = {HA224578},
  timestamp = {2015.08.29},
  url = {http://stacks.iop.org/0029-5515/41/i=12/a=217}
}

@CONFERENCE{Kramer_IRW11_2013_toroidal_cor,
  author = {Kr\"{a}mer-Flecken, A.},
  title = {Measurement of long range correlations at TEXTOR},
  year = {2013},
  address = {11th International Reflectometry Workshop (IRW11), Ecole Polytechnique,
	Palaiseau, France},
  owner = {HA224578},
  timestamp = {2013.06.06}
}

@ARTICLE{kramer_Nucl_2004_Turbulence,
  author = {A. Kr\"{a}mer-Flecken and V. Dreval and S. Soldatov and A. Rogister
	and V. Vershkov and the TEXTOR-team},
  title = {Turbulence studies with means of reflectometry at TEXTOR},
  journal = {Nuclear Fusion},
  year = {2004},
  volume = {44},
  pages = {1143},
  owner = {HA224578},
  timestamp = {2013.06.05}
}

@ARTICLE{kramer_PRL_2006_GAM,
  author = {Kr\"{a}mer-Flecken, A. and Soldatov, S. and Koslowski, H. R. and
	Zimmermann, O.},
  journal = {Phys. Rev. Lett.},
  year = {2006},
  volume = {97},
  pages = {045006},
  issue = {4},
  numpages = {4},
  publisher = {American Physical Society}
}

@ARTICLE{Kramer_PPCF_2009_GAM,
  author = {A Kr\"{a}mer-Flecken and S Soldatov and D Reiser and M Kantor and
	H R Koslowski},
  journal = {Plasma Physics and Controlled Fusion},
  year = {2009},
  volume = {51},
  pages = {015001},
  number = {1},
  abstract = {This paper attempts to give an overview on the study of the geodesic
	acoustic mode (GAM) and the related velocity oscillation of the zonal
	flow (ZF) at TEXTOR. The reported results are obtained from poloidal
	cross correlation reflectometry. The advantages of the diagnostic
	combined with a multi-antenna set-up, as it is installed at TEXTOR,
	are shortly reviewed and compared with other diagnostics used in
	experiments on GAMs. Furthermore, the GAM properties in ohmic discharges
	are reported as frequency scaling with local temperature, poloidal
	structure and radial distribution. GAM induced density fluctuations
	and related velocity oscillations are measured for a large radial
	range. In the context of the latter the collisionality on the GAMs
	at the plasma edge is investigated. The measurement of the GAM related
	velocity fluctuations shows that the ZF occurs in two rings at least,
	separated by a rational surface. The velocity oscillation allows
	us to estimate the effect of GAMs on the shearing rate. The influence
	on the shearing rate is quantitatively investigated. The GAM induced
	shearing rate is not able to overcome the decorrelation rate of the
	ambient turbulence (AT). Also the relation between AT and GAMs is
	analyzed. Therefore the AT is characterized and the turbulence driving
	the GAMs is discussed. A relation between the density scale length
	and the pronounced occurrence of GAMs is obtained. This is related
	to a narrow region of k values, which is characteristic for drift
	ballooning modes. The spectrum of the AT is analyzed in both ZF rings.
	A significant change in the shape of the low frequency turbulence
	is obtained. This may be connected with a transition from drift ballooning
	modes to ITG modes. The latter seems to drive the GAMs less effectively.},
  owner = {HA224578},
  timestamp = {2014.05.16}
}

@ARTICLE{Kramer_RSI_2010_reflectometry,
  author = {Kr\"{a}mer-Flecken, A. and Soldatov, S. and Vowinkel, B. and Mueller,
	P.},
  title = {Correlation reflectometry at TEXTOR},
  journal = {Review of Scientific Instruments},
  year = {2010},
  volume = {81},
  pages = {113502},
  address = {{CIRCULATION \& FULFILLMENT DIV, 2 HUNTINGTON QUADRANGLE, STE 1 N
	O 1, MELVILLE, NY 11747-4501 USA}},
  affiliation = {{Kramer-Flecken, A (Reprint Author), Forschungszentrum Julich, Inst
	Energy Res Plasma Phys, EURATOM Assoc, D-52425 Julich, Germany. Kraemer-Flecken,
	A., Forschungszentrum Julich, Inst Energy Res Plasma Phys, EURATOM
	Assoc, D-52425 Julich, Germany. Soldatov, S., Univ Ghent, Dept Appl
	Phys, B-9000 Ghent, Belgium. Vowinkel, B., Univ Cologne, Inst Phys
	1, D-50937 Cologne, Germany. Mueller, P., Argelander Inst Astron,
	D-53121 Bonn, Germany.}},
  article-number = {{113502}},
  author-email = {{a.kraemer-flecken@fz-juelich.de}},
  doc-delivery-number = {{690LO}},
  doi = {{10.1063/1.3497305}},
  journal-iso = {{Rev. Sci. Instrum.}},
  keywords-plus = {{MAGNETIC-FIELD; TURBULENCE; TOKAMAK; PLASMAS}},
  language = {{English}},
  number-of-cited-references = {{13}},
  owner = {HA224578},
  publisher = {{AMER INST PHYSICS}},
  research-areas = {{Instruments \& Instrumentation; Physics}},
  times-cited = {{6}},
  timestamp = {2013.06.09},
  type = {{Article}},
  unique-id = {{ISI:000285006500013}},
  web-of-science-categories = {{Instruments \& Instrumentation; Physics, Applied}}
}

@CONFERENCE{Kramer_EPS_2012_velocity_diff,
  author = {A. Kr\"{a}mer-Flecken and Y. Xu and S. Zoletnik},
  title = {Poloidal rotation asymmetry and relation to turbulence},
  year = {2012},
  address = {39th EPS Conference, Stockholm, Sweden},
  owner = {HA224578},
  timestamp = {2014.05.26}
}

@ARTICLE{Kramer_QC_tilting_to_be_publish,
  author = {A Kr\"amer-Flecken and S Soldatov and Y Xu and H Arnichand and S
	Hacquin and R Sabot and the TEXTOR team},
  title = {Long-range correlation properties of quasi-coherent modes at TEXTOR},
  journal = {New Journal of Physics},
  year = {2015},
  volume = {17},
  pages = {073007},
  owner = {HA224578},
  timestamp = {2015.07.06},
  url = {http://stacks.iop.org/1367-2630/17/i=7/a=073007}
}

@ARTICLE{Kramer_Flecken_PPCF_11_PCR,
  author = {A Kr\"amer-Flecken and S Soldatov and Y Xu and T Zhang},
  title = {Correlation reflectometry in fusion plasmas, an application at TEXTOR},
  journal = {Plasma Physics and Controlled Fusion},
  year = {2011},
  volume = {53},
  pages = {074020},
  owner = {HA224578},
  timestamp = {2015.08.26},
  url = {http://stacks.iop.org/0741-3335/53/i=7/a=074020}
}

@ARTICLE{Labombard_PoP_14_QC_EDA_regime_alcator,
  author = {LaBombard, B. and Golfinopoulos, T. and Terry, J. L. and Brunner,
	D. and Davis, E. and Greenwald, M. and Hughes, J. W. and Alcator
	C-Mod Team},
  title = {New insights on boundary plasma turbulence and the quasi-coherent
	mode in Alcator C-Mod using a Mirror Langmuir Probe},
  journal = {Physics of Plasmas},
  year = {2014},
  volume = {21},
  pages = {056108},
  owner = {HA224578},
  timestamp = {2015.03.27}
}

@ARTICLE{Laviron_1996_PPCF,
  author = {C Laviron and A J H Donn\'e and M E Manso and J Sanchez},
  title = {Reflectometry techniques for density profile measurements on fusion
	plasmas},
  journal = {Plasma Physics and Controlled Fusion},
  year = {1996},
  volume = {38},
  pages = {905},
  number = {7},
  owner = {HA224578},
  timestamp = {2015.07.02},
  url = {http://stacks.iop.org/0741-3335/38/i=7/a=002}
}

@CONFERENCE{Lebschy_EPS_2015_CXRS_AUG,
  author = {Lebschy, A. and McDermott, R. M. and Geiger, B. and Cavedon, M. and
	Dunne, M. G. and Dux, R. and Fischer, R. and Viezzer, E. and the
	ASDEX Upgrade Team},
  title = {Indirect measurement of the poloidal rotation in the core of ASDEX
	Upgrade plasmas with CXRS},
  year = {2015},
  address = {42nd EPS Conference on Plasma Physics, Lisbon, Portugal},
  owner = {HA224578},
  timestamp = {2013.06.06}
}

@ARTICLE{Lerner_fusion_inertielle_alternative,
  author = {Lerner, Eric J. and Murali, S. Krupakar and Shannon, Derek and Blake,
	Aaron M. and Roessel, Fred Van},
  title = {Fusion reactions from > 150 KeV ions in a dense plasma focus plasmoid},
  journal = {Physics of Plasmas (1994-present)},
  year = {2012},
  volume = {19},
  eid = {032704},
  doi = {http://dx.doi.org/10.1063/1.3694746},
  owner = {HA224578},
  timestamp = {2015.03.12},
  url = {http://scitation.aip.org/content/aip/journal/pop/19/3/10.1063/1.3694746}
}

@ARTICLE{Greenwald_FSI_2007_QCmodes_bis,
  author = {M. Greenwald, N. Basse, P. Bonoli, R. Bravenec, E. Edlund, D. Ernst,
	C. Fiore, R. Granetz, A. Hubbard, J. Hughes, I. Hutchinson, J. Irby,
	B. LaBombard, L. Lin, Y. Lin, B. Lipschultz, E. Marmar, D. Mikkelsen,
	D. Mossessian, P. Phillips, M. Porkolab, J. Rice, W. Rowan, S. Scott,
	J. Snipes, J. Terry, S. Wolfe, S. Wukitch, K. Zhurovich},
  title = {Confinement and Transport Research in Alcator C-Mod},
  journal = {Fusion Science and Technology},
  year = {2007},
  volume = {51},
  pages = {266-287},
  owner = {HA224578},
  timestamp = {2013.10.30}
}

@ARTICLE{Maget_07,
  author = {Maget, P. and Huysmans, G. T. A. and Garbet, X. and Ottaviani, M.
	and L\"utjens, H. and Luciani, J.-F.},
  title = {Nonlinear magnetohydrodynamic simulation of Tore Supra hollow current
	profile discharges},
  journal = {Physics of Plasmas},
  year = {2007},
  volume = {14},
  pages = {052509},
  doi = {http://dx.doi.org/10.1063/1.2733677},
  owner = {HA224578},
  timestamp = {2015.08.31},
  url = {http://scitation.aip.org/content/aip/journal/pop/14/5/10.1063/1.2733677}
}

@ARTICLE{Maget_2006_NuclFus_efishbone,
  author = {P. Maget and F. Imbeaux and G. Giruzzi and V.S. Udintsev and G.T.A.
	Huysmans and J.-L. S\'egui and M. Goniche and Ph. Moreau and R. Sabot
	and X. Garbet},
  title = {Temperature oscillating regimes in Tore Supra diagnosed by MHD activity},
  journal = {Nuclear Fusion},
  year = {2006},
  volume = {46},
  owner = {HA224578},
  timestamp = {2013.07.18}
}

@ARTICLE{Malinov_JPP_2005_mixed_ITG_TEM_simu,
  author = {Malinov,P. and Zonca,F.},
  title = {Ion temperature gradient modes and the fraction of trapped electrons},
  journal = {Journal of Plasma Physics},
  year = {2005},
  volume = {71},
  pages = {301},
  doi = {10.1017/S0022377804003095},
  issn = {1469-7807},
  issue = {03},
  numpages = {13},
  url = {http://journals.cambridge.org/article_S0022377804003095}
}

@ARTICLE{Mazzucato_PPCF_91_reflecto,
  author = {E Mazzucato and R Nazikian},
  title = {Microwave reflectometry for the study of density fluctuations in
	tokamak plasmas},
  journal = {Plasma Physics and Controlled Fusion},
  year = {1991},
  volume = {33},
  pages = {261},
  number = {3},
  owner = {HA224578},
  timestamp = {2015.07.02},
  url = {http://stacks.iop.org/0741-3335/33/i=3/a=009}
}

@ARTICLE{McDermott_2014_NF_ITG_TEM_rotation,
  author = {R.M. McDermott and C. Angioni and G.D. Conway and R. Dux and E. Fable
	and R. Fischer and T. P\"utterich and F. Ryter and E. Viezzer and
	the ASDEX Upgrade Team},
  journal = {Nuclear Fusion},
  year = {2014},
  volume = {54},
  pages = {043009},
  number = {4},
  abstract = {The ASDEX Upgrade intrinsic rotation database has been expanded to
	include a large number of measurements from ohmic L-mode discharges
	covering a wide range of plasma densities, currents and magnetic
	fields. This database was then used to study the rotation behaviour
	across the transition from linear to saturated ohmic confinement
	(LOC/SOC). At low collisionality the plasma is in the LOC regime
	and the toroidal rotation profile is in the co-current direction.
	As the collisionality is increased and the plasma transitions from
	LOC to SOC, the core rotation decreases resulting in a hollow, counter-current
	profile. Even deeper in the SOC regime, however, a second reversal
	back towards the co-current direction occurs. Linear gyrokinetic
	calculations indicate that these reversals cannot be explained by
	a transition from a trapped electron mode (TEM) to an ion temperature
	gradient (ITG) dominated regime. Rather, the analysis indicates that
	the intrinsic normalized rotation gradient, u ¡ä, depends strongly
	on local plasma parameters, in particular on ##IMG## [http://ej.iop.org/images/0029-5515/54/4/043009/nf485743ieqn001.gif]
	{$R/L_{n_{\rm e}}$} . Taken together with turbulent particle transport
	theory, these results suggest that the co- to counter-current directed
	rotation reversal occurs in the TEM regime due to profile changes
	and not due to transition from TEM to ITG. The second reversal back
	to the co-current direction is explained by the reduction of ##IMG##
	[http://ej.iop.org/images/0029-5515/54/4/043009/nf485743ieqn001.gif]
	{$R/L_{n_{\rm e}}$} observed in ITG dominated plasmas. Lastly, a
	simple linear model for the residual stress assuming a fixed poloidal
	tilt angle of the turbulent eddies was applied to the database. This
	model is able to capture the main parameter dependencies observed
	in the data and demonstrates that at least two processes contributing
	to the poloidal tilt of the turbulent eddies are needed to reproduce
	the experimentally observed u ¡ä values: one proportional to the
	sign of the turbulence propagation and the second independent of
	¦Ø r .},
  owner = {HA224578},
  timestamp = {2014.04.18}
}

@CONFERENCE{Mc_Dermott_ITPA_2013,
  author = {R. M. McDermott},
  title = {ITPA},
  year = {2013},
  owner = {HA224578},
  timestamp = {2014.03.25}
}

@ARTICLE{McKee_PoP_2003_large_f_spectra_DIIID,
  author = {McKee, G. R. and Fonck, R. J. and Jakubowski, M. and Burrell, K.
	H. and Hallatschek, K. and Moyer, R. A. and Rudakov, D. L. and Nevins,
	W. and Porter, G. D. and Schoch, P. and Xu, X.},
  title = {Experimental characterization of coherent, radially-sheared zonal
	flows in the DIII-D tokamak},
  journal = {Physics of Plasmas},
  year = {2003},
  volume = {10},
  pages = {1712-1719},
  number = {5},
  doi = {http://dx.doi.org/10.1063/1.1559974},
  owner = {HA224578},
  timestamp = {2014.01.28}
}

@CONFERENCE{medvedeva_IRW12_2015_AUG_ultrafastreflecto,
  author = {Medvedeva, A. and C. Bottereau C. and Clairet, F. and Conway, G.D.
	and Heuraux, S. and Molina, D. and Stroth U. and the Asdex-upgrade
	Team},
  title = {Density fluctuation measurements with an ultra-fast-swept reflectometer
	in ASDEX-Upgrade},
  year = {2015},
  address = {12th International Reflectometry Workshop (IRW12), FZ-J\"ulich, Germany},
  owner = {HA224578},
  timestamp = {2013.06.06}
}

@ARTICLE{Meigs_PoP_94_Vpol_carbon,
  author = {Meigs, A. G. and Rowan, William L.},
  title = {Impurity poloidal rotation velocity in tokamaks},
  journal = {Physics of Plasmas},
  year = {1994},
  volume = {1},
  pages = {960-967},
  number = {4},
  doi = {http://dx.doi.org/10.1063/1.870755},
  owner = {HA224578},
  timestamp = {2015.07.17},
  url = {http://scitation.aip.org/content/aip/journal/pop/1/4/10.1063/1.870755}
}

@PHDTHESIS{Meijere_thesis,
  author = {C. A. De Meijere},
  title = {An Experimental Study of Plasma Fluctuations in the TCV and TEXTOR
	Tokamaks},
  school = {EPFL},
  year = {2013},
  owner = {HA224578},
  timestamp = {2015.08.23}
}

@ARTICLE{Melnikov_PPCF_15_QCmodes_compasss,
  author = {A V Melnikov and T Markovic and L G Eliseev and J Ad¨¢mek and M Aftanas
	and P Bilkova and P Boehm and M Gryaznevich and M Imrisek and S E
	Lysenko and S Y Medvedev and R Panek and M Peterka and J Seidl and
	E Stefanikova and J Stockel and V Weinzettl and the COMPASS team},
  title = {Quasicoherent modes on the COMPASS tokamak},
  journal = {Plasma Physics and Controlled Fusion},
  year = {2015},
  volume = {57},
  pages = {065006},
  number = {6},
  owner = {HA224578},
  timestamp = {2015.08.03},
  url = {http://stacks.iop.org/0741-3335/57/i=6/a=065006}
}

@ARTICLE{Moradi_NF_14_JET,
  author = {S. Moradi and I. Pusztai and I. Voitsekhovitch and L. Garzotti and
	C. Bourdelle and M.J. Pueschel and I. Lupelli and M. Romanelli and
	the JET-EFDA Contributors},
  title = {Core micro-instability analysis of JET hybrid and baseline discharges
	with carbon wall},
  journal = {Nuclear Fusion},
  year = {2014},
  volume = {54},
  pages = {123016},
  owner = {HA224578},
  timestamp = {2015.07.14},
  url = {http://stacks.iop.org/0029-5515/54/i=12/a=123016}
}

@ARTICLE{Nave_2004_RSI_MHD,
  author = {Nave, M. F. F. and Borba, D. and Galv\~{a}o, R. and Hacquin, S. and
	Alper, B. and Challis, C. and Gerasimov, S. and Hawkes, N. and Mailloux,
	J. and Sharapov, S. and Boswell, C. and Brix, M. and Joffrin, E.
	and de la Luna, E. and Smeulders, P. and EFDA-JET Contributors},
  journal = {Review of Scientific Instruments},
  year = {2004},
  volume = {75},
  pages = {4274-4277},
  number = {10},
  doi = {http://dx.doi.org/10.1063/1.1791333},
  owner = {HA224578},
  timestamp = {2014.04.28}
}

@ARTICLE{Nazikian_1998_PoP_TAE,
  author = {Nazikian, R and Fu, GY and Chang, Z and Batha, SH and Berk, H and
	Budny, RV and Chen, Y and Cheng, CZ and Darrow, DS and Gorelenkov,
	NN and Levinton, FM and Medley, S and Petrov, MP and Redi, M and
	Ruskov, E and Spong, DA and White, RB and Zweben, SJ},
  journal = {Physics of Plasma},
  year = {1998},
  volume = {5},
  abstract = {{Purely alpha-particle-driven toroidal Alfven eigenmodes (TAEs) with
	toroidal mode numbers n = 1-6 have been observed in deuterium-tritium
	(D-T) plasmas on the tokamak fusion test reactor {[}D. J. Grove and
	D. M. Meade, Nucl. Fusion 25, 1167 (1985)]. The appearance of mode
	activity following termination of neutral beam injection in plasmas
	with q(0)>1 is generally consistent with theoretical predictions
	of TAE stability {[}G. Y. Fu et al. Phys. Plasmas 3, 4036 (1996)].
	Internal reflectometer measurements of TAE activity is compared with
	theoretical calculations of the radial mode structure. Core localization
	of the modes to the region of reduced central magnetic shear is confirmed,
	however the mode structure can deviate significantly from theoretical
	estimates. The peak measured TAE amplitude of delta n/n similar to
	10(-4) at r/a similar to 0.3-0.4 corresponds to delta B/B similar
	to 10(-5), while delta B/B similar to 10(-8) is measured at the plasma
	edge. Enhanced alpha particle lass associated with TAE activity has
	not been observed. (C) 1998 American Institute of Physics.}},
  address = {{CIRCULATION FULFILLMENT DIV, 500 SUNNYSIDE BLVD, WOODBURY, NY 11797-2999
	USA}},
  affiliation = {{Nazikian, R (Reprint Author), Princeton Plasma Phys Lab, POB 451,
	Princeton, NJ 08543 USA. Princeton Plasma Phys Lab, Princeton, NJ
	08543 USA.}},
  doc-delivery-number = {{ZN238}},
  doi = {{10.1063/1.872818}},
  issn = {{1070-664X}},
  journal-iso = {{Phys. Plasmas}},
  keywords-plus = {{FUSION ALPHA-PARTICLES; TOKAMAK; SIMULATIONS; EXCITATION; FLUCTUATIONS;
	WAVES; MODES; CORE}},
  language = {{English}},
  number-of-cited-references = {{28}},
  orcid-numbers = {{White, Roscoe/0000-0002-4239-2685}},
  organization = {{Amer Phys Soc, Div Plasma Phys}},
  owner = {HA224578},
  publisher = {{AMER INST PHYSICS}},
  research-areas = {{Physics}},
  researcherid-numbers = {{Spong, Donald/C-6887-2012 White, Roscoe/D-1773-2013}},
  times-cited = {{23}},
  timestamp = {2013.07.19},
  type = {{Article; Proceedings Paper}},
  unique-id = {{ISI:000073623700017}},
  web-of-science-categories = {{Physics, Fluids \& Plasmas}}
}

@ARTICLE{Nazikian_RSI_95_reflecto,
  author = {Nazikian, R. and Mazzucato, E.},
  title = {Reflectometer measurements of density fluctuations in tokamak plasmas
	(invited)},
  journal = {Review of Scientific Instruments},
  year = {1995},
  volume = {66},
  pages = {392},
  doi = {http://dx.doi.org/10.1063/1.1146357},
  owner = {HA224578},
  timestamp = {2015.07.02},
  url = {http://scitation.aip.org/content/aip/journal/rsi/66/1/10.1063/1.1146357}
}

@ARTICLE{Nguyen_2009_BAE,
  author = {C Nguyen and X Garbet and R Sabot and L-G Eriksson and M Goniche
	and P Maget and V Basiuk and J Decker and D Elb\'eze and G T A Huysmans
	and A Macor and J-L S\'egui and M Schneider},
  journal = {Plasma Physics and Controlled Fusion},
  year = {2009},
  volume = {51},
  owner = {HA224578},
  timestamp = {2013.07.19}
}

@ARTICLE{Parisot_08_PPCF_LBO_TS_chocVillegas,
  author = {T Parisot and R Guirlet and C Bourdelle and X Garbet and N Dubuit
	and F Imbeaux and P R Thomas},
  title = {Experimental impurity transport and theoretical interpretation in
	a Tore Supra lower-hybrid heated plasma},
  journal = {Plasma Physics and Controlled Fusion},
  year = {2008},
  volume = {50},
  pages = {055010},
  url = {http://stacks.iop.org/0741-3335/50/i=5/a=055010}
}

@ARTICLE{Peeters_2005_PoP_TEM_at_0.3,
  author = {Peeters, AG and Angioni, C and Apostoliceanu, M and Jenko, F and
	Ryter, F and ASDEX Upgrade Team},
  journal = {Physics of Plasma},
  year = {2005},
  volume = {12},
  abstract = {{Linear gyrokinetic calculations of low density electron heat dominated
	plasmas in ASDEX Upgrade {[}O. Gruber, H.-S. Bosch, S. Gunter , Nucl.
	Fusion 39, 1321 (1999)] are presented. It is found that the dominant
	mode is a trapped electron mode, which under the experimental conditions
	is sensitive to the density gradient, collisions, and magnetic shear.
	The quasilinear heat flux scales in good agreement with the experimental
	observed heat conductivity. Many experimentally observed phenomena
	can be explained on the basis of the presented calculations: the
	existence of a threshold, the fast propagation of the heat wave,
	and the moderate stiffness of the electron channel. The implications
	of the calculations for the empirical investigations are discussed.
	(C) 2005 American Institute of Physics.}},
  address = {{CIRCULATION \& FULFILLMENT DIV, 2 HUNTINGTON QUADRANGLE, STE 1 N
	O 1, MELVILLE, NY 11747-4501 USA}},
  affiliation = {{Peeters, AG (Reprint Author), Max Planck Inst Plasma Phys, Boltzmannstr
	2, D-85748 Garching, Germany. Max Planck Inst Plasma Phys, D-85748
	Garching, Germany.}},
  article-number = {{022505}},
  doc-delivery-number = {{895RQ}},
  doi = {{10.1063/1.1848111}},
  issn = {{1070-664X}},
  journal-iso = {{Phys. Plasmas}},
  keywords-plus = {{PERTURBATIVE TRANSPORT; PULSE-PROPAGATION; ENERGY-TRANSPORT; MODE
	PLASMAS; TOKAMAK; JET; INSTABILITIES; PROFILE; TFTR}},
  language = {{English}},
  number-of-cited-references = {{32}},
  owner = {HA224578},
  publisher = {{AMER INST PHYSICS}},
  research-areas = {{Physics}},
  researcherid-numbers = {{Peeters, Arthur/A-1281-2009}},
  times-cited = {{41}},
  timestamp = {2013.06.15},
  type = {{Article}},
  unique-id = {{ISI:000226881100023}},
  web-of-science-categories = {{Physics, Fluids \& Plasmas}}
}


@ARTICLE{Peeters_PoP_2000_NEOART,
  author = {Peeters, A. G.},
  title = {Reduced charge state equations that describe Pfirsch Schl¨¹ter impurity
	transport in tokamak plasma},
  journal = {Physics of Plasmas},
  year = {2000},
  volume = {7},
  pages = {268},
  doi = {http://dx.doi.org/10.1063/1.873812},
  owner = {HA224578},
  timestamp = {2015.06.09},
  url = {http://scitation.aip.org/content/aip/journal/pop/7/1/10.1063/1.873812}
}

@ARTICLE{Poye_PoP_15_MHD_turb,
  author = {Poy\'e, A. and Agullo, O. and Muraglia, M. and Garbet, X. and Benkadda,
	S. and Sen, A. and Dubuit, N.},
  title = {Generation of a magnetic island by edge turbulence in tokamak plasmas},
  journal = {Physics of Plasmas},
  year = {2015},
  volume = {22},
  pages = {030704},
  doi = {http://dx.doi.org/10.1063/1.4916580},
  owner = {HA224578},
  timestamp = {2015.08.29},
  url = {http://scitation.aip.org/content/aip/journal/pop/22/3/10.1063/1.4916580}
}

@CONFERENCE{Prisiazhniuk_IRW12_2015_QC_AUG,
  author = {Prisiazhniuk, D. and Kr\"amer-Flecken, A. and Conway, G. and Manz,
	P. and Happel, T. and Simon, P. and Stroth U. and the Asdex-upgrade
	Team},
  title = {Application of poloidal correlation reflectometry to study turbulence
	at ASDEX-Upgrade},
  year = {2015},
  address = {12th International Reflectometry Workshop (IRW12), FZ-J\"ulich, Germany},
  owner = {HA224578},
  timestamp = {2013.06.06}
}

@CONFERENCE{Proll_EPS_15,
  author = {J. H. E. Proll and B.J. Faber and P. Helander and S.A. Lazerson and
	H.E. Mynick and P. Xanthopoulos},
  title = {Microturbulence simulations in optimised stellarators},
  year = {2015},
  address = {39th EPS Conference, Stockholm, Sweden},
  owner = {HA224578},
  timestamp = {2014.05.26}
}

@ARTICLE{Proll_PRL_12_TEM_W7X,
  author = {Proll, J. H. E. and Helander, P. and Connor, J. W. and Plunk, G.
	G.},
  title = {Resilience of Quasi-Isodynamic Stellarators against Trapped-Particle
	Instabilities},
  journal = {Phys. Rev. Lett.},
  year = {2012},
  volume = {108},
  pages = {245002},
  doi = {10.1103/PhysRevLett.108.245002},
  issue = {24},
  numpages = {4},
  publisher = {American Physical Society},
  url = {http://link.aps.org/doi/10.1103/PhysRevLett.108.245002}
}

@ARTICLE{Proll_PoP_2013_TEMstellarator,
  author = {Proll, J. H. E. and Xanthopoulos, P. and Helander, P.},
  title = {Collisionless microinstabilities in stellarators. II. Numerical simulations},
  journal = {Physics of Plasmas},
  year = {2013},
  volume = {20},
  pages = {122506},
  doi = {http://dx.doi.org/10.1063/1.4846835},
  owner = {HA224578},
  timestamp = {2015.05.27},
  url = {http://scitation.aip.org/content/aip/journal/pop/20/12/10.1063/1.4846835}
}

@ARTICLE{Rettig_PoP_2001_LOCSOC_FIT_reflecto,
  author = {Rettig, C. L. and Rhodes, T. L. and Leboeuf, J. N. and Peebles, W.
	A. and Doyle, E. J. and Staebler, G. M. and Burrell, K. H. and Moyer,
	R. A.},
  title = {Search for the ion temperature gradient mode in a tokamak plasma
	and comparison with theoretical predictions},
  journal = {Physics of Plasmas},
  year = {2001},
  volume = {8},
  pages = {2232},
  doi = {http://dx.doi.org/10.1063/1.1362537},
  owner = {HA224578},
  timestamp = {2015.03.30},
  url = {http://scitation.aip.org/content/aip/journal/pop/8/5/10.1063/1.1362537}
}

@ARTICLE{Rewold_1987_PhysFluid_ITGTEM_validity_condition,
  author = {Rewoldt, G. and Tang, W. M. and Hastie, R. J.},
  title = {Collisional effects on kinetic electromagnetic modes and associated
	quasilinear transport},
  journal = {Physics of Fluids},
  year = {1987},
  volume = {30},
  pages = {807-817},
  number = {3},
  doi = {http://dx.doi.org/10.1063/1.866332},
  owner = {HA224578},
  timestamp = {2013.11.05}
}

@ARTICLE{Rhodes_PoP_2002_Lcor_DIIID,
  author = {Rhodes, T. L. and Leboeuf, J.-N. and Sydora, R. D. and Groebner,
	R. J. and Doyle, E. J. and McKee, G. R. and Peebles, W. A. and Rettig,
	C. L. and Zeng, L. and Wang, G.},
  title = {Comparison of turbulence measurements from DIII-D low-mode and high-performance
	plasmas to turbulence simulations and models},
  journal = {Physics of Plasmas},
  year = {2002},
  volume = {9},
  pages = {2141-2148},
  number = {5},
  doi = {http://dx.doi.org/10.1063/1.1464544},
  owner = {HA224578},
  timestamp = {2014.01.28}
}

@ARTICLE{Rice_NF_2011_LOCSOC,
  author = {J.E. Rice and B.P. Duval and M.L. Reinke and Y.A. Podpaly and A.
	Bortolon and R.M. Churchill and I. Cziegler and P.H. Diamond and
	A. Dominguez and P.C. Ennever and C.L. Fiore and R.S. Granetz and
	M.J. Greenwald and A.E. Hubbard and J.W. Hughes and J.H. Irby and
	Y. Ma and E.S. Marmar and R.M. McDermott and M. Porkolab and N. Tsujii
	and S.M. Wolfe},
  title = {Observations of core toroidal rotation reversals in Alcator C-Mod
	ohmic L-mode plasmas},
  journal = {Nuclear Fusion},
  year = {2011},
  volume = {51},
  pages = {083005},
  owner = {HA224578},
  timestamp = {2015.03.30},
  url = {http://stacks.iop.org/0029-5515/51/i=8/a=083005}
}

@ARTICLE{Rice_NF_2013_non_locality,
  author = {J.E. Rice and C. Gao and M.L. Reinke and P.H. Diamond and N.T. Howard
	and H.J. Sun and I. Cziegler and A.E. Hubbard and Y.A. Podpaly and
	W.L. Rowan and J.L. Terry and M.A. Chilenski and L. Delgado-Aparicio
	and P.C. Ennever and D. Ernst and M.J. Greenwald and J.W. Hughes
	and Y. Ma and E.S. Marmar and M. Porkolab and A.E. White and S.M.
	Wolfe},
  title = {Non-local heat transport, rotation reversals and up/down impurity
	density asymmetries in Alcator C-Mod ohmic L-mode plasmas},
  journal = {Nuclear Fusion},
  year = {2013},
  volume = {53},
  pages = {033004},
  owner = {HA224578},
  timestamp = {2015.03.30},
  url = {http://stacks.iop.org/0029-5515/53/i=3/a=033004}
}

@ARTICLE{Rice_2011_PRL_LOCSOC_Vtor,
  author = {Rice, J. E. and Cziegler, I. and Diamond, P. H. and Duval, B. P.
	and Podpaly, Y. A. and Reinke, M. L. and Ennever, P. C. and Greenwald,
	M. J. and Hughes, J. W. and Ma, Y. and Marmar, E. S. and Porkolab,
	M. and Tsujii, N. and Wolfe, S. M.},
  title = {Rotation Reversal Bifurcation and Energy Confinement Saturation in
	Tokamak Ohmic L-Mode Plasmas},
  journal = {Phys. Rev. Lett.},
  year = {2011},
  volume = {107},
  pages = {265001},
  doi = {10.1103/PhysRevLett.107.265001},
  issue = {26},
  numpages = {5},
  publisher = {American Physical Society}
}

@ARTICLE{Rice_2011_PRL_LOCSOC_Vtor_long_Alcator,
  author = {Rice, J. E. and Greenwald, M. J. and Podpaly, Y. A. and Reinke, M.
	L. and Diamond, P. H. and Hughes, J. W. and Howard, N. T. and Ma,
	Y. and Cziegler, I. and Duval, B. P. and Ennever, P. C. and Ernst,
	D. and Fiore, C. L. and Gao, C. and Irby, J. H. and Marmar, E. S.
	and Porkolab, M. and Tsujii, N. and Wolfe, S. M.},
  title = {Ohmic energy confinement saturation and core toroidal rotation reversal
	in Alcator C-Mod plasmas},
  journal = {Physics of Plasmas},
  year = {2012},
  volume = {19},
  pages = {056106},
  eid = {056106},
  doi = {http://dx.doi.org/10.1063/1.3695213},
  owner = {HA224578},
  timestamp = {2014.04.11}
}

@ARTICLE{Rice_PoP_2012_long_version,
  author = {Rice, J. E. and Greenwald, M. J. and Podpaly, Y. A. and Reinke, M.
	L. and Diamond, P. H. and Hughes, J. W. and Howard, N. T. and Ma,
	Y. and Cziegler, I. and Duval, B. P. and Ennever, P. C. and Ernst,
	D. and Fiore, C. L. and Gao, C. and Irby, J. H. and Marmar, E. S.
	and Porkolab, M. and Tsujii, N. and Wolfe, S. M.},
  title = {Ohmic energy confinement saturation and core toroidal rotation reversal
	in Alcator C-Mod plasmas},
  journal = {Physics of Plasmas},
  year = {2012},
  volume = {19},
  pages = {056106},
  doi = {http://dx.doi.org/10.1063/1.3695213},
  owner = {HA224578},
  timestamp = {2015.01.11},
  url = {http://scitation.aip.org/content/aip/journal/pop/19/5/10.1063/1.3695213}
}

@ARTICLE{Ritz_NF_1987_particule_transport_edge_FIR_sonde_TEXT,
  author = {C.P. Ritz and D.L. Brower and T.L. Rhodes and R.D. Bengtson and S.J.
	Levinson and N.C. Luhmann Jr. and W.A. Peebles and E.J. Powers},
  title = {Characterization of tokamak edge turbulence by far-infrared laser
	scattering and Langmuir probes},
  journal = {Nuclear Fusion},
  year = {1987},
  volume = {27},
  pages = {1125},
  number = {7},
  owner = {HA224578},
  timestamp = {2014.01.28}
}

@ARTICLE{Ritz_PoF_1984_spectres_f_large_TEXT_sondes,
  author = {Ritz, Ch. P. and Bengtson, Roger D. and Levinson, S. J. and Powers,
	E. J.},
  title = {Turbulent structure in the edge plasma of the TEXT tokamak},
  journal = {Physics of Fluids (1958-1988)},
  year = {1984},
  volume = {27},
  pages = {2956-2959},
  number = {12},
  doi = {http://dx.doi.org/10.1063/1.864611},
  owner = {HA224578},
  timestamp = {2014.01.28}
}

@ARTICLE{Ritz_PRL_1989_heat_transport_sondes_FIR_TEXT,
  author = {Ritz, Ch. P. and Bravenec, R. V. and Schoch, P. M. and Bengtson,
	R. D. and Boedo, J. A. and Forster, J. C. and Gentle, K. W. and He,
	Y. and Hickok, R. L. and Kim, Y. J. and Lin, H. and Phillips, P.
	E. and Rhodes, T. L. and Rowan, W. L. and Valanju, P. M. and Wootton,
	A. J.},
  title = {Fluctuation-Induced Energy Flux in the Tokamak Edge},
  journal = {Phys. Rev. Lett.},
  year = {1989},
  volume = {62},
  pages = {1844},
  doi = {10.1103/PhysRevLett.62.1844},
  issue = {16},
  numpages = {0},
  publisher = {American Physical Society}
}

@ARTICLE{Ritz_PRL_89_delta_n_B_T_induce_transp,
  author = {Ritz, Ch. P. and Bravenec, R. V. and Schoch, P. M. and Bengtson,
	R. D. and Boedo, J. A. and Forster, J. C. and Gentle, K. W. and He,
	Y. and Hickok, R. L. and Kim, Y. J. and Lin, H. and Phillips, P.
	E. and Rhodes, T. L. and Rowan, W. L. and Valanju, P. M. and Wootton,
	A. J.},
  title = {Fluctuation-Induced Energy Flux in the Tokamak Edge},
  journal = {Phys. Rev. Lett.},
  year = {1989},
  volume = {62},
  pages = {1844},
  doi = {10.1103/PhysRevLett.62.1844},
  issue = {16},
  numpages = {0},
  owner = {HA224578},
  publisher = {American Physical Society},
  timestamp = {2015.07.19},
  url = {http://link.aps.org/doi/10.1103/PhysRevLett.62.1844}
}

@ARTICLE{Romanelli_PoP_07_TEM_destabiliser_par_collision,
  author = {Romanelli, M. and Regnoli, G. and Bourdelle, C.},
  title = {Numerical study of linear dissipative drift electrostatic modes in
	tokamaks},
  journal = {Physics of Plasmas},
  year = {2007},
  volume = {14},
  pages = {082305},
  doi = {http://dx.doi.org/10.1063/1.2755981},
  owner = {HA224578},
  timestamp = {2015.07.14},
  url = {http://scitation.aip.org/content/aip/journal/pop/14/8/10.1063/1.2755981}
}

@ARTICLE{Ryter_PRL_2005_TEM_threshold_and_collision,
  author = {Ryter, F. and Angioni, C. and Peeters, A. G. and Leuterer, F. and
	Fahrbach, H.-U. and Suttrop, W.},
  journal = {Phys. Rev. Lett.},
  year = {2005},
  volume = {95},
  pages = {085001},
  doi = {10.1103/PhysRevLett.95.085001},
  issue = {8},
  numpages = {4},
  publisher = {American Physical Society}
}



@BOOK{Sarazin_cours,
  title = {Turbulence and Transport},
  publisher = {Lecture given in the french master in fusion sciences},
  author = {Y. Sarazin},
  year = {2012}
}

@article{Fanack_1996_PPCF,
	year = {1996},
	month = {nov},
	publisher = {{IOP} Publishing},
	volume = {38},
	number = {11},
	pages = {1915--1930},
	author = {C Fanack and I Boucher and F Clairet and S Heuraux and G Leclert and X L Zou},
	title = {Ordinary-mode reflectometry: modification of the scattering and cut-off responses due to the shape of localized density fluctuations},
	journal = {Plasma Physics and Controlled Fusion}
}

@ARTICLE{Sarff_NF_2015_RFP_QC-TEM,
  author = {J.S. Sarff and A.F. Almagri and J.K. Anderson and M. Borchardt and
	W. Cappechi and D. Carmody and K. Caspary and B.E. Chapman and D.J.
	Den Hartog and J. Duff and S. Eilerman and A. Falkowski and C.B.
	Forest and M. Galante and J.A. Goetz and D.J. Holly and J. Koliner
	and S. Kumar and J.D. Lee and D. Liu and K.J. McCollam and M. McGarry
	and V.V. Mirnov and L. Morton and S. Munaretto and M.D. Nornberg
	and P.D. Nonn and S.P. Oliva and E. Parke and M.J. Pueschel and J.A.
	Reusch and J. Sauppe and A. Seltzman and C.R. Sovinec and D. Stone
	and D. Theucks and M. Thomas and J. Triana and P.W. Terry and J.
	Waksman and G.C. Whelan and D.L. Brower and W.X. Ding and L. Lin
	and D.R. Demers and P. Fimognari and J. Titus and F. Auriemma and
	S. Cappello and P. Franz and P. Innocente and R. Lorenzini and E.
	Martines and B. Momo and P. Piovesan and M. Puiatti and M. Spolaore
	and D. Terranova and P. Zanca and V.I. Davydenko and P. Deichuli
	and A.A. Ivanov and S. Polosatkin and N.V. Stupishin and D. Spong
	and D. Craig and H. Stephens and R.W. Harvey and M. Cianciosa and
	J.D. Hanson and B.N. Breizman and M. Li and L.J. Zheng},
  title = {Overview of results from the MST reversed field pinch experiment},
  journal = {Nuclear Fusion},
  year = {2015},
  volume = {55},
  pages = {104006},
  owner = {HA224578},
  timestamp = {2015.05.28},
  url = {http://stacks.iop.org/0029-5515/55/i=10/a=104006}
}

@ARTICLE{Schmitz_NF_2012_TEMITGETG,
  author = {L. Schmitz and C. Holland and T.L. Rhodes and G. Wang and L. Zeng
	and A.E. White and J.C. Hillesheim and W.A. Peebles and S.P. Smith
	and R. Prater and G.R. McKee and Z. Yan and W.M. Solomon and K.H.
	Burrell and C.T. Holcomb and E.J. Doyle and J.C. DeBoo and M.E. Austin
	and J.S. deGrassie and C.C. Petty},
  title = {Reduced electron thermal transport in low collisionality H-mode plasmas
	in DIII-D and the importance of TEM/ETG-scale turbulence},
  journal = {Nuclear Fusion},
  year = {2012},
  volume = {52},
  pages = {023003},
  number = {2},
  owner = {HA224578},
  timestamp = {2015.05.25},
  url = {http://stacks.iop.org/0029-5515/52/i=2/a=023003}
}

@ARTICLE{Sharapov_PRL_04_Alfen,
  author = {Sharapov, S. G. and Gusynin, V. P. and Beck, H.},
  title = {Magnetic oscillations in planar systems with the Dirac-like spectrum
	of quasiparticle excitations},
  journal = {Phys. Rev. B},
  year = {2004},
  volume = {69},
  pages = {075104},
  month = {Feb},
  doi = {10.1103/PhysRevB.69.075104},
  issue = {7},
  numpages = {22},
  publisher = {American Physical Society},
  url = {http://link.aps.org/doi/10.1103/PhysRevB.69.075104}
}

@ARTICLE{Shi_NuclFus_2013_ITGTEM_ECRH,
  author = {Y.J. Shi and W.H. Ko and J.M. Kwon and P.H. Diamond and S.G. Lee
	and S.H. Ko and L. Wang and S. Yi and K. Ida and L. Terzolo and S.W.
	Yoon and K.D. Lee and J.H. Lee and U.N. Nam and Y.S. Bae and Y.K.
	Oh and J.G. Kwak and M. Bitter and K. Hill and O.D. Gurcan and T.S.
	Hahm},
  title = {ECH effects on toroidal rotation: KSTAR experiments, intrinsic torque
	modelling and gyrokinetic stability analyses},
  journal = {Nuclear Fusion},
  year = {2013},
  volume = {53},
  pages = {113031},
  owner = {HA224578},
  timestamp = {2013.11.15}
}

@ARTICLE{shimomura_LOC_SOC_transition_1985,
  author = {Y. Shimomura},
  title = {Empirical scaling of energy confinement time in L-mode plasma and
	optimised mode and some consideration of reactor core plasma in tokamak,
	Japanese Atomic Energy Research Institute (1985)},
  journal = {Report JAERI-M-85-080},
  year = {1985},
  owner = {HA224578},
  timestamp = {2013.10.04}
}

@ARTICLE{Dasilva_JoPC_05,
  author = {F. da Silva and S. Heuraux and S. Hacquin and M.E. Manso},
  title = {Unidirectional transparent signal injection in finite-difference
	time-domain electromagnetic codes - application to reflectometry
	simulations},
  journal = {Journal of Computational Physics },
  year = {2005},
  volume = {203},
  pages = {467},
  doi = {http://dx.doi.org/10.1016/j.jcp.2004.09.002},
  issn = {0021-9991},
  owner = {HA224578},
  timestamp = {2015.07.10},
  url = {http://www.sciencedirect.com/science/article/pii/S0021999104003882}
}

@ARTICLE{Simmet_PPCF_96_LOCSOC_electron_AUG,
  author = {E E Simmet and the ASDEX Team},
  title = {Statistical analysis of the global energy confinement time in ohmic
	discharges in the ASDEX tokamak},
  journal = {Plasma Physics and Controlled Fusion},
  year = {1996},
  volume = {38},
  pages = {689},
  owner = {HA224578},
  timestamp = {2015.01.09},
  url = {http://stacks.iop.org/0741-3335/38/i=5/a=005}
}

@ARTICLE{Simonet_1985_RSI_first_reflectometry,
  author = {Simonet, F.},
  title = {Measurement of electron density profile by microwave reflectometry
	on tokamaks},
  journal = {Review of Scientific Instruments},
  year = {1985},
  volume = {56},
  pages = {664-669},
  number = {5},
  doi = {http://dx.doi.org/10.1063/1.1138200},
  owner = {HA224578},
  timestamp = {2015.07.02},
  url = {http://scitation.aip.org/content/aip/journal/rsi/56/5/10.1063/1.1138200}
}

@CONFERENCE{Sirinelli_IRW11_KG8C,
  author = {A. Sirinelli and L. Meneses and JET-EFDA Contributors},
  title = {Density fluctuation measurements of JET H-mode plasmas using a radial
	correlation reflectometer},
  year = {2013},
  address = {11th International Reflectometry Workshop (IRW11), Ecole Polytechnique,
	Palaiseau, France},
  owner = {HA224578},
  timestamp = {2014.05.26}
}

@ARTICLE{Snipes_PPCF_2001_QCmodes_EDAHmodes_Alcator,
  author = {J A Snipes and B LaBombard and M Greenwald and I H Hutchinson and
	J Irby and Y Lin and A Mazurenko and M Porkolab},
  title = {The quasi-coherent signature of enhanced D alpha H-mode in Alcator
	C-Mod},
  journal = {Plasma Physics and Controlled Fusion},
  year = {2001},
  volume = {43},
  pages = {L23},
  url = {http://stacks.iop.org/0741-3335/43/i=4/a=101}
}

@ARTICLE{Sung_2013_NF_LOC_SOC_CECE,
  author = {C. Sung and A.E. White and N.T. Howard and C.Y. Oi and J.E. Rice
	and C. Gao and P. Ennever and M. Porkolab and F. Parra and D. Mikkelsen
	and D. Ernst and J. Walk and J.W. Hughes and J. Irby and C. Kasten
	and A.E. Hubbard and M.J. Greenwald and the Alcator C-Mod Team},
  title = {Changes in core electron temperature fluctuations across the ohmic
	energy confinement transition in Alcator C-Mod plasmas},
  journal = {Nuclear Fusion},
  year = {2013},
  volume = {53},
  pages = {083010},
  owner = {HA224578},
  timestamp = {2014.01.14}
}

@ARTICLE{Tagger_NF_77_TIM,
  author = {M. Tagger and G. Laval and R. Pellat},
  title = {Trapped ion mode driven by ion magnetic drift resonance in a fat
	torus},
  journal = {Nuclear Fusion},
  year = {1977},
  volume = {17},
  pages = {109},
  owner = {HA224578},
  timestamp = {2015.07.21},
  url = {http://stacks.iop.org/0029-5515/17/i=1/a=010}
}

@ARTICLE{takenaga_NF_03_JT60_ITG_neoclassic_transp,
  author = {H. Takenaga and S. Higashijima and N. Oyama and L.G. Bruskin and
	Y. Koide and S. Ide and H. Shirai and Y. Sakamoto and T. Suzuki and
	K.W. Hill and G. Rewoldt and G.J. Kramer and R. Nazikian and T. Takizuka
	and T. Fujita and A. Sakasai and Y. Kamada and H. Kubo and the JT-60
	Team},
  title = {Relationship between particle and heat transport in JT-60U plasmas
	with internal transport barrier},
  journal = {Nuclear Fusion},
  year = {2003},
  volume = {43},
  pages = {1235},
  number = {10},
  owner = {HA224578},
  timestamp = {2015.07.22},
  url = {http://stacks.iop.org/0029-5515/43/i=10/a=026}
}

@ARTICLE{Tang_PoF_77_TIM,
  author = {Tang, W. M. and Adam, J. C. and Ross, David W.},
  title = {Residual trapped ion instabilities in tokamaks},
  journal = {Physics of Fluids},
  year = {1977},
  volume = {20},
  pages = {430},
  doi = {http://dx.doi.org/10.1063/1.861879},
  owner = {HA224578},
  timestamp = {2015.07.21},
  url = {http://scitation.aip.org/content/aip/journal/pof1/20/3/10.1063/1.861879}
}

@ARTICLE{Terry_NF_2005_QCmodes_EDAHmode_Alcator,
  author = {J.L. Terry and N.P. Basse and I. Cziegler and M. Greenwald and O.
	Grulke and B. LaBombard and S.J. Zweben and E.M. Edlund and J.W.
	Hughes and L. Lin and Y. Lin and M. Porkolab and M. Sampsell and
	B. Veto and S.J. Wukitch},
  title = {Transport phenomena in the edge of Alcator C-Mod plasmas},
  journal = {Nuclear Fusion},
  year = {2005},
  volume = {45},
  pages = {1321},
  owner = {HA224578},
  timestamp = {2015.01.11},
  url = {http://stacks.iop.org/0029-5515/45/i=11/a=013}
}

@ARTICLE{Trier_NF_2008_ripple_Er,
  author = {E. Trier and L.-G. Eriksson and P. Hennequin and C. Fenzi and C.
	Bourdelle and G. Falchetto and X. Garbet and T. Aniel and F. Clairet
	and R. Sabot},
  title = {Radial electric field measurement in a tokamak with magnetic field
	ripple},
  journal = {Nuclear Fusion},
  year = {2008},
  volume = {48},
  pages = {092001},
  owner = {HA224578},
  timestamp = {2015.05.27},
  url = {http://stacks.iop.org/0029-5515/48/i=9/a=092001}
}

@ARTICLE{vershkov_private,
  author = {Private communication with V.A. Vershkov},
  owner = {HA224578},
  timestamp = {2015.05.16}
}

@ARTICLE{Vermare_PPCF_05_MHD,
  author = {L Vermare and F Clairet and S Heuraux and G Leclert},
  title = {Rational surface localization and MHD activity measurements using
	fast sweep reflectometry on Tore Supra},
  journal = {Plasma Physics and Controlled Fusion},
  year = {2005},
  volume = {47},
  pages = {1895},
  number = {11}
}
%30/07fj
@ARTICLE{Vermare_PoP_2011_collisionality_TEM,
  author = {Vermare, L. and Hennequin, P. and G\"{u}rcan, \"{O}. D. and Bourdelle, C.
	and Clairet, F. and Garbet, X. and Sabot, R. and the Tore Supra Team},
  title = {Impact of collisionality on fluctuation characteristics of micro-turbulence},
  journal = {Physics of Plasmas},
  year = {2011},
  volume = {18},
  number = {1},
  eid = {012306},
  owner = {HA224578},
  timestamp = {2014.08.25}
}

@CONFERENCE{Vershkov_EPS_01_FTU_QCmodes,
  author = {V. A. Vershkov and A. Tuccillo and O. Tudisco and M. De Benedetti
	and P. Buratti and P. Smeulders and D. A. Shelukhin and F. Zonca
	and FTU team},
  title = {Microturbulence simulations in optimised stellarators},
  year = {2001},
  address = {28th EPS Conference on controlled fusion and plasma physics, Funchal,
	ECA Vol. 25A (2001) 65},
  owner = {HA224578},
  timestamp = {2014.05.26}
}



@CONFERENCE{Vershkov_2013_IRW11_sameQCvelocity,
  author = {V.A. Vershkov and D.A. Shelukhin and M.A. Borisov and M.A. Buldakov
	and M.Yu. Isaev and V.P. Budaev and E.P. Gorbunov and D.S. Sergeev
	and T.B. Myalton and V.V. Chistiakov},
  title = {Turbulence poloidal distribution and long distance correlations along
	the magnetic field lines in T-10 tokamak},
  year = {2013},
  address = {11th International Reflectometry Workshop (IRW11), Ecole Polytechnique,
	Palaiseau, France},
  owner = {HA224578},
  timestamp = {2013.06.13}
}

@ARTICLE{Viezzer_CXRS_AUG,
  author = {Viezzer, E. and P\"{u}tterich, T. and Dux, R. and McDermott, R. M.
	and ASDEX Upgrade Team},
  title = {High-resolution charge exchange measurements at ASDEX Upgrade},
  journal = {Review of Scientific Instruments},
  year = {2012},
  volume = {83},
  pages = {103501},
  doi = {http://dx.doi.org/10.1063/1.4755810},
  owner = {HA224578},
  timestamp = {2015.06.04},
  url = {http://scitation.aip.org/content/aip/journal/rsi/83/10/10.1063/1.4755810}
}

@PHDTHESIS{Villegas_PhD_thesis,
  author = {D. Villegas},
  title = {Etude exp\'erimentale de l'influence du gradient de temp\'erature
	\'electronique sur le transport turbulent des impuret\'es dans un
	plasma de fusion},
  year = {2010},
  owner = {HA224578},
  timestamp = {2013.07.25},
  url = {http://tel.archives-ouvertes.fr/tel-01052756}
}

@ARTICLE{Villegas_NF_2014_ECRH_TEM_ITG_long_TS,
  author = {D. Villegas and R. Guirlet and C. Bourdelle and X. Garbet and G.T.
	Hoang and R. Sabot and F. Imbeaux and J.L. S\'egui},
  title = {Experimental and theoretical study of nickel transport dependence
	on gradients in Tore Supra},
  journal = {Nuclear Fusion},
  year = {2014},
  volume = {54},
  pages = {073011},
  owner = {HA224578},
  timestamp = {2014.05.05}
}

@ARTICLE{Villegas_PRL_2010_ECRH_shots_for_fishbones,
  author = {Villegas, D. and Guirlet, R. and Bourdelle, C. and Hoang, G. T. and
	Garbet, X. and Sabot, R.},
  title = {Experimental Electron Temperature Gradient Dependence of Heavy Impurity
	Transport in Fusion Devices},
  journal = {Phys. Rev. Lett.},
  year = {2010},
  volume = {105},
  pages = {035002},
  doi = {10.1103/PhysRevLett.105.035002},
  issue = {3},
  numpages = {4},
  publisher = {American Physical Society}
}

@ARTICLE{Waelbroeck_PPCF_09_MHD_turb,
  author = {F L Waelbroeck and F Militello and R Fitzpatrick and W Horton},
  title = {Effect of electrostatic turbulence on magnetic islands},
  journal = {Plasma Physics and Controlled Fusion},
  year = {2009},
  volume = {51},
  pages = {015015},
  number = {1},
  owner = {HA224578},
  timestamp = {2015.08.29},
  url = {http://stacks.iop.org/0741-3335/51/i=1/a=015015}
}

@ARTICLE{Stroth_1993_PPCF_LOCSOC_TEMITG,
  author = {F Wagner and U Stroth},
  journal = {Plasma Physics and Controlled Fusion},
  year = {1993},
  volume = {35},
  pages = {1321},
  number = {10},
  title = {Transport in toroidal devices-the experimentalist's view},
  owner = {HA224578},
  timestamp = {2014.01.14}
}

@ARTICLE{Wang_PoP_11,
  author = {Wang, G. and Peebles, W. A. and Rhodes, T. L. and DeBoo, J. C. and
	Staebler, G. M. and Hillesheim, J. C. and Yan, Z. and McKee, G. R.
	and Petty, C. C. and Solomon, W. M. and Burrell, K. H. and Doyle,
	E. J. and Leonard, A. W. and Schmitz, L. and VanZeeland, M. A. and
	White, A. E. and Zeng, L.},
  title = {Multi-field/multi-scale turbulence response to electron cyclotron
	heating of DIII-D ohmic plasmas},
  journal = {Physics of Plasmas},
  year = {2011},
  volume = {18},
  pages = {082504},
  doi = {http://dx.doi.org/10.1063/1.3610552},
  owner = {HA224578},
  timestamp = {2015.10.16},
  url = {http://scitation.aip.org/content/aip/journal/pop/18/8/10.1063/1.3610552}
}

@ARTICLE{Wang_PRL_2014_edgeQC_east,
  author = {Wang, H.\,Q. and Xu, G.\,S. and Wan, B.\,N. and Ding, S.\,Y. and
	Guo, H.\,Y. and Shao, L.\,M. and Liu, S.\,C. and Xu, X.\,Q. and Wang,
	E. and Yan, N. and Naulin, V. and Nielsen, A.\,H. and Rasmussen,
	J. Juul and Candy, J. and Bravenec, R. and Sun, Y.\,W. and Shi, T.\,H.
	and Liang, Y.\,F. and Chen, R. and Zhang, W. and Wang, L. and Chen,
	L. and Zhao, N. and Li, Y.\,L. and Liu, Y.\,L. and Hu, G.\,H. and
	Gong, X.\,Z},
  title = {New Edge Coherent Mode Providing Continuous Transport in Long-Pulse
	H-mode Plasmas},
  journal = {Phys. Rev. Lett.},
  year = {2014},
  volume = {112},
  pages = {185004},
  doi = {10.1103/PhysRevLett.112.185004},
  issue = {18},
  numpages = {5},
  owner = {HA224578},
  publisher = {American Physical Society},
  timestamp = {2015.01.11},
  url = {http://link.aps.org/doi/10.1103/PhysRevLett.112.185004}
}

@ARTICLE{Wang_NF_2014_edgeQC_east_long,
  author = {H.Q. Wang and G.S. Xu and H.Y. Guo and B.N. Wan and N. Yan and S.Y.
	Ding and R. Chen and W. Zhang and L. Wang and S.C. Liu and L.M. Shao
	and L. Chen and Y.L. Liu and Y.L. Li and G.H. Hu and N. Zhao},
  title = {Observation of a quasi-coherent high-frequency electromagnetic mode
	at the pedestal region in EAST RF-dominant H-modes},
  journal = {Nuclear Fusion},
  year = {2014},
  volume = {54},
  pages = {043014},
  owner = {HA224578},
  timestamp = {2015.01.11},
  url = {http://stacks.iop.org/0029-5515/54/i=4/a=043014}
}

@ARTICLE{Wang_PoP_2014_edgeQC_east_long,
  author = {Wang, H. Q. and Xu, G. S. and Guo, H. Y. and Wan, B. N. and Wang,
	L. and Chen, R. and Ding, S. Y. and Yan, N. and Gong, X. Z. and Liu,
	S. C. and Shao, L. M. and Chen, L. and Zhang, W. and Liang, Y. F.
	and Hu, G. H. and Liu, Y. L. and Li, Y. L. and Zhao, N.},
  title = {Edge-coherent-mode nature of the small edge localized modes in Experimental
	Advanced Superconducting Tokamak},
  journal = {Physics of Plasmas},
  year = {2014},
  volume = {21},
  pages = {092511},
  doi = {http://dx.doi.org/10.1063/1.4896237},
  owner = {HA224578},
  timestamp = {2015.01.11},
  url = {http://scitation.aip.org/content/aip/journal/pop/21/9/10.1063/1.4896237}
}

@ARTICLE{Wang_PRL_11_TEM_driven_intrinsic_rotation,
  author = {Wang, W. X. and Hahm, T. S. and Ethier, S. and Zakharov, L. E. and
	Diamond, P. H.},
  title = {Trapped Electron Mode Turbulence Driven Intrinsic Rotation in Tokamak
	Plasmas},
  journal = {Phys. Rev. Lett.},
  year = {2011},
  volume = {106},
  pages = {085001},
  month = {Feb},
  doi = {10.1103/PhysRevLett.106.085001},
  issue = {8},
  numpages = {4},
  publisher = {American Physical Society},
  url = {http://link.aps.org/doi/10.1103/PhysRevLett.106.085001}
}

@BOOK{Weiland_2000_drifwaves,
  title = {Collective Modes in Inhomogeneous Plasmas},
  publisher = {Bristol: Institute of Physics Publishing},
  year = {2000},
  author = {J Weiland},
  owner = {HA224578},
  timestamp = {2013.11.04}
}


@ARTICLE{Weynants_NF_1999_TEXTOR_regimes,
  author = {R.R. Weynants and A.M. Messiaen and J. Ongena and B. Unterberg and
	G. Bonheure and P. Dumortier and R. Jaspers and R. Koch and H.R.
	Koslowski and A. Kr?mer-Flecken and G. Mank and J. Rapp and M.Z.
	Tokar' and G. Van Wassenhove and W. Biel and M. Brix and F. Durodi¨¦
	and G. Esser and K.H. Finken and G. Fuchs and B. Giesen and J. Hobirk
	and P. H¨¹ttemann and M. Lehnen and A. Lyssoivan and P. Mertens and
	A. Pospieszczyk and U. Samm and M. Sauer and B. Schweer and R. Uhlemann
	and G. Van Oost and P.E. Vandenplas and M. Vervier and V. Philipps
	and G. Waidmann and G.H. Wolf},
  title = {Overview of radiative improved mode results on TEXTOR-94},
  journal = {Nuclear Fusion},
  year = {1999},
  volume = {39},
  pages = {1637},
  owner = {HA224578},
  timestamp = {2013.12.11}
}

@ARTICLE{White_NF_2011_Imode_Alcator,
  author = {A.E. White and P. Phillips and D.G. Whyte and A.E. Hubbard and C.
	Sung and J.W. Hughes and A. Dominguez and J. Terry and I. Cziegler},
  title = {Electron temperature fluctuations associated with the weakly coherent
	mode in the edge of I-mode plasmas},
  journal = {Nuclear Fusion},
  year = {2011},
  volume = {51},
  pages = {113005},
  owner = {HA224578},
  timestamp = {2015.01.11},
  url = {http://stacks.iop.org/0029-5515/51/i=11/a=113005}
}

@ARTICLE{White_PoP_2010_gyrokinetic_CECE_reflecto,
  author = {White, A. E. and Peebles, W. A. and Rhodes, T. L. and Holland, C.
	H. and Wang, G. and Schmitz, L. and Carter, T. A. and Hillesheim,
	J. C. and Doyle, E. J. and Zeng, L. and McKee, G. R. and Staebler,
	G. M. and Waltz, R. E. and DeBoo, J. C. and Petty, C. C. and Burrell,
	K. H.},
  title = {Measurements of the cross-phase angle between density and electron
	temperature fluctuations and comparison with gyrokinetic simulations},
  journal = {Physics of Plasmas},
  year = {2010},
  volume = {17},
  pages = {056103},
  eid = {056103},
  doi = {http://dx.doi.org/10.1063/1.3323084}
}

@ARTICLE{White_PoP_2010_QC_TEM_BES_CECE,
  author = {White, A. E. and Schmitz, L. and Peebles, W. A. and Rhodes, T. L.
	and Carter, T. A. and McKee, G. R. and Shafer, M. W. and Staebler,
	G. M. and Burrell, K. H. and DeBoo, J. C. and Prater, R.},
  title = {Simultaneous measurement of core electron temperature and density
	fluctuations during electron cyclotron heating on DIII-D},
  journal = {Physics of Plasma},
  year = {2010},
  volume = {17},
  pages = {020701},
  doi = {{10.1063/1.3318469}},
  orcid-numbers = {{Carter, Troy/0000-0002-5741-0495 }},
  owner = {HA224578},
  researcherid-numbers = {{Carter, Troy/E-7090-2010 White, Anne/B-8990-2011}},
  timestamp = {2013.06.05},
  unique-id = {{ISI:000275028700001}}
}

@ARTICLE{Whyte_NF_2010_Imode_Alcator,
  author = {D.G. Whyte and A.E. Hubbard and J.W. Hughes and B. Lipschultz and
	J.E. Rice and E.S. Marmar and M. Greenwald and I. Cziegler and A.
	Dominguez and T. Golfinopoulos and N. Howard and L. Lin and R.M.
	McDermott and M. Porkolab and M.L. Reinke and J. Terry and N. Tsujii
	and S. Wolfe and S. Wukitch and Y. Lin and the Alcator C-Mod Team},
  title = {I-mode: an H-mode energy confinement regime with L-mode particle
	transport in Alcator C-Mod},
  journal = {Nuclear Fusion},
  year = {2010},
  volume = {50},
  pages = {105005},
  owner = {HA224578},
  timestamp = {2015.01.11}
}

@ARTICLE{Wootton_PoF_1990_overview_spectra_large_f_fluctuation,
  author = {Wootton, A. J. and Carreras, B. A. and Matsumoto, H. and McGuire,
	K. and Peebles, W. A. and Ritz, Ch. P. and Terry, P. W. and Zweben,
	S. J.},
  title = {Fluctuations and anomalous transport in tokamaks},
  journal = {Physics of Fluids B: Plasma Physics (1989-1993)},
  year = {1990},
  volume = {2},
  pages = {2879-2903},
  number = {12},
  doi = {http://dx.doi.org/10.1063/1.859358},
  owner = {HA224578},
  timestamp = {2014.01.28}
}

@ARTICLE{Xiao_PRL_10_ITG_TEM,
  author = {Xiao, W. W. and Zou, X. L. and Ding, X. T. and Yao, L. H. and Feng,
	B. B. and Song, X. M. and Song, S. D. and Zhou, Y. and Liu, Z. T.
	and Yuan, B. S. and Sun, H. J. and Ji, X. Q. and Gao, Y. D. and Li,
	Y. G. and Yan, L. W. and Yang, Q. W. and Liu, Yi and Dong, J. Q.
	and Duan, X. R. and Liu, Yong and Pan, C. H.},
  title = {Observation of a Spontaneous Particle-Transport Barrier in the HL-2A
	Tokamak},
  journal = {Phys. Rev. Lett.},
  year = {2010},
  volume = {104},
  pages = {215001},
  collaboration = {HL-2A Team},
  doi = {10.1103/PhysRevLett.104.215001},
  issue = {21},
  numpages = {4},
  publisher = {American Physical Society},
  url = {http://link.aps.org/doi/10.1103/PhysRevLett.104.215001}
}

@ARTICLE{Xu_PRL_2003_ZFs,
  author = {Xu, G. S. and Wan, B. N. and Song, M. and Li, J.},
  title = {Direct Measurement of Poloidal Long-Wavelength $E\ifmmode\times\else\texttimes\fi{}B$
	Flows in the HT-7 Tokamak},
  journal = {Phys. Rev. Lett.},
  year = {2003},
  volume = {91},
  pages = {125001},
  month = {Sep},
  doi = {10.1103/PhysRevLett.91.125001},
  issue = {12},
  numpages = {4},
  publisher = {American Physical Society},
  url = {http://link.aps.org/doi/10.1103/PhysRevLett.91.125001}
}

@ARTICLE{zabiego_PPCF2001,
  author = {M Zabi\'{e}go and G Huysmans and Y Peysson and J F Artaud and F Imbeaux
	and X Litaudon},
  title = {{MHD} stability of lower hybrid enhanced performance discharges on
	the {T}ore {S}upra tokamak},
  journal = {Plasma Physics and Controlled Fusion},
  year = {2001},
  volume = {43},
  pages = {1625},
  owner = {HA224578},
  timestamp = {2015.07.31},
  url = {http://stacks.iop.org/0741-3335/43/1625}
}

@ARTICLE{Zhai_NF_1997_QC_modes,
  author = {Kan Zhai and Yi-Zhi Wen and Chang-Xuan Yu and Wan-Dong Liu and Shu-De
	Wan and Ge Zhuang and Wen Yu and Zhi-Zhan Xu},
  title = {Observations of a quasi-coherent fluctuation mode in the KT-5C tokamak
	during ~90 degrees phase shift feedback},
  journal = {Nuclear Fusion},
  year = {1997},
  volume = {37},
  pages = {1709},
  number = {12},
  owner = {HA224578},
  timestamp = {2014.03.26},
  url = {http://stacks.iop.org/0029-5515/37/i=12/a=I04}
}

@ARTICLE{Zhong_PRL_13_pinch_transition_TS,
  author = {Zhong, W. L. and Zou, X. L. and Bourdelle, C. and Song, S. D. and
	Artaud, J. F. and Aniel, T. and Duan, X. R.},
  title = {Convective Velocity Reversal Caused by Turbulence Transition in Tokamak
	Plasma},
  journal = {Phys. Rev. Lett.},
  year = {2013},
  volume = {111},
  pages = {265001},
  doi = {10.1103/PhysRevLett.111.265001},
  issue = {26},
  numpages = {4},
  owner = {HA224578},
  publisher = {American Physical Society},
  timestamp = {2015.07.21},
  url = {http://link.aps.org/doi/10.1103/PhysRevLett.111.265001}
}

@ARTICLE{Zonca_NuclFus_2007_efishbones,
  author = {F. Zonca and P. Buratti and A. Cardinali and L. Chen and J.-Q. Dong
	and Y.-X. Long and A.V. Milovanov and F. Romanelli and P. Smeulders
	and L. Wang and Z.-T. Wang and C. Castaldo and R. Cesario and E.
	Giovannozzi and M. Marinucci and V. Pericoli Ridolfini},
  title = {Electron fishbones: Theory and experimental evidence},
  journal = {Nuclear Fusion},
  year = {2007},
  volume = {47},
  owner = {HA224578},
  timestamp = {2013.06.07}
}

@CONFERENCE{Zou_EPS_1999_first_doppler,
  author = {X. L. Zou and T. F. Seak and M. Paume and J. M. Chareau and C. Bottereau
	and G. Leclert},
  title = {Poloidal Rotation Measurement in Tore Supra by Reflectometry},
  year = {1999},
  address = {26th EPS Conf. Controlled Fusion and Plasma Physics, Maastricht,
	The Netherlands},
  owner = {HA224578},
  timestamp = {2014.05.26}
}


%% YS


@BOOK{Linden_2014_Bayesian,
   author       = {W. {von der Linden} and V. Dose and U. {von Toussaint}},
   year         = 2014,
   title        = {Bayesian Probability Theory, Application in the Physical Sciences},
   publisher    = {Cambridge University Press}
}

@article{Sabot_2004_RSI,
  author = {R. Sabot and C. Bottereau and J.-M. Chareau and F. Clairet and M. Paume},
  title = {Single sideband modulator, a key component of Tore-Supra  heterodyne reflectometers},
  journal = {Review of Scientific Instruments },
  volume = {75},
  number = {8},
  pages = {2656},
  year = {2004}
}



@article{Gil_2010_RSI,
  author = {C. Gil and A. Barbuti and P. Spuig and A. Boboc and S. Dorling},
  title = {Analysis and improvements of fringe jump corrections by electronics on the JET tokamak far infrared interferometer},
  journal = {Review of Scientific Instruments },
  volume = {81},
  number = {10},
  pages = {10D536},
  year = {2010}
}


@article{Vershkov_2011_NF,
  author={V. A. Vershkov and A.A. Borschegovskiy and V.V. Chistyakov and M.M. Dremin and L.G. Eliseev and E.P. Gorbunov and S.A. Grashin and A.V. Khmara and A.Ya. Kislov and D.A. Kislov and A.D. Komarov and A.S. Kozachek and V.A. Krupin and L.I. Krupnik and S.V. Krylov and S.E. Lysenko and S.G. Maltsev and V.A. Mavrin and A.V. Melnikov and G.E. Notkin and A.Yu. Novikov and Yu.D. Pavlov and S.V. Perfilov and V.V. Piterskij and G.N. Ploskirev and V.I. Poznyak and K.A. Razumova and I.N. Roy and D.V. Ryzhakov and P.V. Savrukhin and E.A. Shestakov and D.A. Shelukhin and Yu.A. Skosyrev and R.V. Shurygin and G.N. Tilinin and E.V. Trukhina1 and V.M. Trukhin},
  title={Recent results of the T-10 tokamak},
  journal={Nuclear Fusion},
  volume={51},
  number={9},
  pages={094019},
  year={2011}
}


@article{Gusakov_2002_PPCF,
  author={E. Z. Gusakov and A. Yu. Popov},
  title={Non-linear tgheory of fluctuation reflectometry},
  journal={Plasma Physics and Controlled Fusion },
  volume={44},
  number={02},
  pages={2327},
  year={2002}
}


@article{Miller_2004_NF_NIF,
  author={George H. Miller and Edward I. Moses and Craig R. Wuest},
  title={The National Ignition Facility: enabling fusion ignition for the 21st century},
  journal={Nuclear Fusion},
  volume={44},
  number={12},
  pages={S228},
  url={http://stacks.iop.org/0029-5515/44/i=12/a=S14},
  year={2004}
}

@article{Motojima_2000_NF_LHD,
  author={O. Motojima and K. Akaishi and H. Chikaraishi and H. Funaba and S. Hamaguchi and S. Imagawa and S. Inagaki and N. Inoue and A.
Iwamoto and S. Kitagawa and A. Komori and Y. Kubota and R. Maekawa and S. Masuzaki and T. Mito and J. Miyazawa and T. Morisaki and K.
Murai and T. Muroga and T. Nagasaka and Y. Nakamura and A. Nishimura and K. Nishimura and N. Noda and N. Ohyabu and A. Sagara and S.
Sakakibara and R. Sakamoto and S. Satoh and T. Satow and M. Shoji and H. Suzuki and K. Takahata and H. Tamura and K.Y. Watanabe and H.
Yamada and S. Yamada and S. Yamaguchi and K. Yamazaki and N. Yanagi and T. Baba and H. Hayashi and M. Iima and T. Inoue and S. Kato and T.
Kato and T. Kondo and S. Moriuchi and H. Ogawa and I. Ohtake and K. Ooba and H. Sekiguchi and N. Suzuki and S. Takami and Y.
Taniguchi and T. Tsuzuki and N. Yamamoto and K. Yasui and H. Yonezu and M. Fujiwara and A. Iiyoshi},
  title={Progress summary of LHD engineering design and construction},
  journal={Nuclear Fusion},
  volume={40},
  number={3Y},
  pages={599},
  url={http://stacks.iop.org/0029-5515/40/i=3Y/a=322},
  year={2000}
}
  	
@article{Chapman_2011_PPCF_ST_review,
  author={I T Chapman},
  title={Controlling sawtooth oscillations in tokamak plasmas},
  journal={Plasma Physics and Controlled Fusion},
  volume={53},
  number={1},
  pages={013001},
  url={http://stacks.iop.org/0741-3335/53/i=1/a=013001},
  year={2011}
}

@article{Bibet_2001_FED,
title = "Coupling and power handling of the new Tore Supra LHCD launcher",
journal = "Fusion Engineering and Design",
volume = "56-57",
pages = "679 - 684",
year = "2001",
issn = "0920-3796",
doi = "https://doi.org/10.1016/S0920-3796(01)00387-8",
url = "http://www.sciencedirect.com/science/article/pii/S0920379601003878",
author = "Ph Bibet and A Ekedahl and Ph Froissard and F Kazarian and E Bertrand and S Dutheil and L Tanaskovic",
keywords = "LHCD launcher, Tore supra, Coupling"
}


@BOOK{Bittencourt_2004_Plasma,
   author       = {J.A. Bittencourt},
   year         = {2004},
   title        = {\emph{{F}undamentals of {P}lasma {P}hysics}, 3rd edition},
   publisher    = {Springer}
}

@BOOK{BP_2017_Energy,
  author        = {BP},
  title         = {\emph{Statistical {R}eview of {W}orld {E}nergy}},
  publisher     = {BP p.l.c.},
  year          = {2017}
}

@BOOK{Chen_2006_Plasma,
   author       = {Francis F. Chen},
   year         = {2006},
   title        = {\emph{{I}ntroduction to {P}lasma {P}hysics and {C}ontrolled {F}usion, {V}olume \textnormal{1}: {P}lasma {P}hysics}, 2nd edition},
   publisher    = {Springer}
}

@BOOK{Chen_2011_Fusion,
   author       = {Francis F. Chen},
   year         = {2011},
   title        = {\emph{An {I}nspensible {T}ruth}},
   publisher    = {Springer}
}

@BOOK{Freidberg_2007_Plasma,
   author       = {Jeffrey Freidberg},
   year         = {2007},
   title        = {\emph{{P}lasma {P}hysics and {F}usion {E}nergy}},
   publisher    = {Cambridge University Press}
}

@BOOK{Goldston_1995_Plasma,
   author       = {R J Goldston and P H Rutherford},
   year         = {1995},
   title        = {\emph{{I}ntroduction to {P}lasma {P}hysics}},
   publisher    = {Institute of Physics (IOP) Publishing Bristol and Philadelphia}
}

@BOOK{Stix_1992_Waves,
  title = {\emph{{W}aves in {P}lasmas}},
  publisher = {American Institute of Physics},
  year = {1992},
  author = {Thomas Howard Stix}
}

@BOOK{Wesson_1997_Tokamaks,
  title = {\emph{Tokamaks}, 2nd edition},
  publisher = {Oxford University Press},
  year = {1997},
  author = {John Wesson}
}


@BOOK{Hutchinson_2002_Diagnostics,
   author       = {I.H. Hutchinson},
   year         = {2002},
   title        = {\emph{{P}rinciples of {P}lasma {D}iagnostics}, 2nd edition},
   publisher    = {Cambridge University Press}
}

@BOOK{Acheson_1990_Turbulence,
  title = {\emph{{E}lementary {F}luid {D}ynamics}},
  publisher = {Oxford University Press},
  year = {1990},
  author = {D. J. Acheson}
}

@BOOK{Pope_2000_Turbulence,
  title = {\emph{{T}urbulence {F}lows}},
  publisher = {Cambridge University Press},
  year = {2000},
  author = {Stephen B. Pope}
}

@BOOK{Richardson_1922_Turbulence,
  title = {\emph{{W}eather {P}rediction by {N}umerical {P}rocess}},
  publisher = {Cambridge University Press},
  year = {1922},
  author = {Lewis F Richardson}
}

@BOOK{Wan_2013_Turbulence,
  title = {Experimental evidences and observations of electrostatic drift instabilities (ITG, ETG, CTEM ) and turbulent transport in tokamaks},
  publisher = {Lectures in Chinese plasma summer school},
  year = {2013},
  author = {Baonian Wan}
}

@BOOK{Bohm_1949_Diffusion,
  title = {\emph{The characteristics of electrical discharges in magnetic fields,} A. Guthrie and R. K. Wakerling (eds.)},
  publisher = {New York: McGraw-Hill},
  year = {1949},
  author = {D. Bohm}
}


@PHDTHESIS{Arnichand_2015_Thesis,
  author =       {Hugo Arnichand},
  title =        {Identification of Trapped Electron Modes in Frequency Fluctuation Spectra of fusion plasmas},
  school =       {Aix-Marseille University},
  year =         {2015},
  type =         {{Ph.D.} dissertation}
}

@article{Kramer-Flecken_2004_NF,
  author={A. Kr\"{a}mer-Flecken and V. Dreval and S. Soldatov and A. Rogister and V. Vershkov and the TEXTOR-team},
  title={Turbulence studies with means of reflectometry at TEXTOR},
  journal={Nuclear Fusion},
  volume={44},
  number={11},
  pages={1143},
  year={2004}
}


@article{Guirlet_2010_NF,
  author={R. Guirlet and others},
  title={Particle transport in low core turbulence Tore-Supra plasmas},
  journal={Nuclear Fusion},
  volume={50},
  number={9},
  pages={095009},
  year={2010}
}


@article{Ossipenko_2003_NF,
  author={M. V. Ossipenko and the T-10 team},
  title={Transport and turbulence studies in the T-10 tokamak},
  journal={Nuclear Fusion},
  volume={43},
  number={12},
  pages={1641},
  year={2003}
}


@article{Crocker_2008_PoP,
  author = {N.A. Crocker and E. D. Fredrickson and N. N. Gorelenkov and G. J. Kramer and D. S. Darrow and W. W. Heidbrink and S. Kubota and F. M. Levinton and H. Yuh and J. E. Menard and B. P. LeBlanc and and R. E. Bell},
  title = {Alfven cascade modes at high beta in the National SphericalTores},
  journal = {Physics of Plasmas},
  volume = {15},
  number = {3},
  pages = {102502},
  year = {2008}
}


@PHDTHESIS{Zadvitskiy_2018_Thesis,
  author =       {Georgiy Zadvitskiy},
  title =        {Turbulence studies in fusion plasmas using reflectometry stnthetic disgnostic},
  school =       {University of Lorraine},
  year =         {2018},
  type =         {{Ph.D.} dissertation}
}


@PHDTHESIS{Morales_2018_Thesis,
  author =       {Rennan Bianchetti Morales},
  title =        {Density profile reconstruction methods for extraordinary mode reflectometry},
  school =       {University of Lorraine},
  year =         {2018},
  type =         {{Ph.D.} dissertation}
}


@article{Amador_2018_NF,
  author={C.H.S. Amador and R. Sabot and X. Garbet and Z.O. Guimar\~{a}es-Filho and J.-H. Ahn},
  title={Determination of q during sawtooth from inverse evolution of BAEs in Tore Supra},
  journal={Nuclear Fusion},
  volume={58},
  number={1},
  pages={016010},
  url={http://stacks.iop.org/0029-5515/58/i=1/a=016010},
  year={2018},
  abstract={Measuring the value of the safety factor ( q ) in the core during sawtooth cycles is still an open issue. A new method to measure q in Tore Supra plasma core is presented here. It relies on the analysis of the time evolution of a set of MHD modes detected after the sawtooth crashes. These modes are in the frequency range of previously observed Beta-induced Alfv¨¦n Eigenmodes, but with a frequency declining in time. The mode frequency analysis shows that the q profile is reversed when we have ICRH, after the sawtooth crash. In high current discharges ( ##IMG## [http://ej.iop.org/images/0029-5515/58/1/016010/nfaa85a9ieqn001.gif] {$I_{\rm p}>1.15$} MA), the q -profile remains reversed for a longer time compared with lower plasma current discharges. Non-linear 3D MHD simulations of sawteeth performed with the XTOR-2F code (L¨¹tjens and Luciani 2010 J. Comput. Phys . 229 8130¨C43) exhibit features that are similar to these observations.}
}

@article{Hornung_2013_PPCF,
  author={G Hornung and F Clairet and G L Falchetto and R Sabot and H Arnichand and L Vermare},
  title={Turbulence correlation properties measured with ultrafast sweeping reflectometry on Tore Supra},
  journal={Plasma Physics and Controlled Fusion },
  volume={55},
  number={12},
  pages={125013},
  year={2013}
}

@article{Conway_2005_PPCF,
  author={G D Conway and B Scott and J Schirmer and M Reich and A Kendl and the ASDEX Upgrade Team},
  title={Direct measurement of zonal flows and geodesic acoustic mode oscillations in ASDEX Upgrade using Doppler reflectometry},
  journal={Plasma Physics and Controlled Fusion },
  volume={47},
  number={8},
  pages={1165},
  year={2005}
}

@article{Arnichand_2014_NF,
  author={H. Arnichand and R. Sabot and S. Hacquin and A. Kr\"{a}mer-Flecken and X. Garbet and J. Citrin and C. Bourdelle and G. Hornung and J.
Bernardo and C. Bottereau and F. Clairet and G. Falchetto and J.C. Giacalone},
  title={Quasi-coherent modes and electron-driven turbulence},
  journal={Nuclear Fusion},
  volume={54},
  number={12},
  pages={123017},
  year={2014}
}	

@article{Arnichand_2016_PPCF,
  author={H Arnichand and J Citrin and S Hacquin and R Sabot and A Kr\"{a}mer-Flecken and X Garbet and C Bourdelle and C Bottereau and F Clairet and J
C Giacalone and Z O Guimar\~{a}es-Filho and R Guirlet and G Hornung and A Lebschy and P Lotte and P Maget and A Medvedeva and D Molina and V
Nikolaeva and D Prisiazhniuk and the Tore Supra and the ASDEX Upgrade teams},
  title={Identification of trapped electron modes in frequency fluctuation spectra},
  journal={Plasma Physics and Controlled Fusion },
  volume={58},
  number={1},
  pages={014037},
  year={2016}
}


@article{Sabot_2006_PPCF,
  author={R Sabot and F Clairet and G D Conway and L Cupido and X Garbet and G Falchetto and T Gerbaud and S Hacquin and P Hennequin and S
Heuraux and C Honor\'{e} and G Leclert and L Meneses and A Sirinelli and L Vermare and A Truc},
  title={Recent results on turbulence and MHD activity achieved by reflectometry},
  journal={Plasma Physics and Controlled Fusion },
  volume={48},
  number={12B},
  pages={B421},
  year={2006}
}


@article{Sabot_2016_CRP,
  author = "Roland Sabot and Didier Elb\`{e}ze and Woochang Lee and Yoonbum Nam and Hyeon Park and Junsong Shen and Gunsu Yun and Minjun Choi and Jean-Claude Giacalone and Timoth\'{e}e Nicolas and Christine Bottereau and Fr\'{e}d\'{e}ric Clairet and Philippe Lotte and Diego Molina",
  title = "Microwave imaging of magnetohydrodynamic instabilities in fusion plasma",
  journal = "Comptes Rendus Physique",
  volume = "17",
  number = "9",
  pages = "1018",
  year = "2016"
}

@article{Sabot_2009_NF,
  author={R. Sabot and A. Macor and C. Nguyen and J. Decker and D. Elbeze and L.-G. Eriksson and X. Garbet and M. Goniche and G. Huysmans and Y. Ladroit and P. Maget and J.L. Segui},
  title={Observation of acoustic and subacoustic fast particles driven modes in Tore-Supra},
  journal={Nuclear Fusion},
  volume={49},
  number={8},
  pages={085033},
  year={2009}
}


@article{Zhong_2016_PoP,
  author = {W. L. Zhong and Z. B. Shi and Z. J. Yang and G. L. Xiao and Z. C. Yang and B. Y. Zhang and P. W. Shi and H. R. Du and X. M. Pan and R. B. Zhou and L. H. Wan and X. L. Zou and M. Xu and X. R. Duan and Yong Liu and G. Zhuang},
  title = {Experimental observation of turbulence transition and a critical gradient threshold for trapped electron mode in tokamak plasmas},
  journal = {Physics of Plasmas},
  volume = {23},
  number = {6},
  pages = {060702},
  year = {2016}
}

@PHDTHESIS{HA15Thesis,
  author =       {Hugo Arnichand},
  title =        {Identification of Trapped Electron Modes in Frequency Fluctuation Spectra of fusion plasmas},
  school =       {Aix-Marseille University},
  year =         {2015},
  type =         {{Ph.D.} dissertation}
}

@article{Ida_2000_JAC,
  author = "Ida, T. and Ando, M. and Toraya, H.",
  title = "{Extended pseudo-Voigt function for approximating the Voigt profile}",
  journal = "Journal of Applied Crystallography",
  year = "2000",
  volume = "33",
  number = "6",
  pages = "1311--1316"
}

@article{Thompson_1987_JAC,
author = "Thompson, P. and Cox, D. E. and Hastings, J. B.",
title = "{Rietveld refinement of Debye{--}Scherrer synchrotron X-ray data from Al${\sb 2}$O${\sb 3}$}",
journal = "Journal of Applied Crystallography",
year = "1987",
volume = "20",
number = "2",
pages = "79--83"
}

@article{Arunasalam_1990_NF,
  author={V. Arunasalam and N.L. Bretz and P.C. Efthimion and R.J. Goldston and B. Grek and D.W. Johnson and M. Murakami and K.M.
McGuire and D.A. Rasmussen and F.J. Stauffer and J.B. Wilgen},
  title={Self-consistency of the principle of profile consistency results for sawtoothing tokamak discharges},
  journal={Nuclear Fusion},
  volume={30},
  number={10},
  pages={2111},
  year={1990}
}

@article{Conway_1997_PPCF,
  author={G D Conway},
  title={2D modelling of radial correlation reflectometry},
  journal={Plasma Physics and Controlled Fusion },
  volume={39},
  number={3},
  pages={407},
  year={1997}
}


@article{Conway_2002a_PPCF,
  author={G D Conway},
  title={Turbulence measurements in fusion plasmas},
  journal={Plasma Physics and Controlled Fusion },
  volume={50},
  number={12},
  pages={124026},
  year={2008}
}	


@article{Conway_2002b_PPCF,
  author={G D Conway and G M D Hogeweij and M R de Baar and Yu Baranov and R Barnsley and N C Hawkes and X Litaudon and J Mailloux and E Righi and F G Rimini and K-D Zastrow and contributors to EFDA-JET Work Programme},
  title={Turbulence behaviour during electron heated reversed shear discharges in JET},
  journal={Plasma Physics and Controlled Fusion },
  volume={44},
  number={7},
  pages={1167},
  year={2002}
}

@article{Gil_2009_FST,
author = {C. Gil and C. De Michelis and D. Elbeze and C. Fenzi and J. P. Gunn and F. Imbeaux and Ph. Lotte and D. Mazon and O. Meyer and M. Missirlian and Ph. Moreau and R. Reichle and R. Sabot and F. Saint-Laurent and J.-L. Segui and A. Simonin and J.-M. Travere and J.-C. Vallet and Tore Supra Team},
title = {Diagnostic Systems on Tore Supra},
journal = {Fusion Science and Technology},
volume = {56},
number = {3},
pages = {1219-1252},
year  = {2009}
}

@article{Sanchez-Bajo_1997_JAC,
  author = "{S{\'{a}}nchez-Bajo} F. and Cumbrera, F. L.",
  title = "{The Use of the Pseudo-Voigt Function in the Variance Method of X-ray Line-Broadening Analysis}",
  journal = "Journal of Applied Crystallography.",
  year = "1997",
  volume = "30",
  number = "4",
  pages = "427--430"
}

@INPROCEEDINGS{Hennequin_1999_EPS,
   author    = "P. Hennequin and C. Honor\'{e} and A. Qu\'{e}m\'{e}neur and A. Truc and F. Fervais and C. Fenzi and R. Sabot",
   title     = "Analysis of density fluctuation frequency spectra in Tore Supra as a tool for studying plasma motion and transport properties",
   booktitle = "26th EPS Conf. on Contr. Fusion and Plasma",
   volume    = "23J",
   pages     = "977 - 980",
   year      = "1999",
   publisher = "European Physical Society, Petit-Lancy"
}

@article{Medvedeva_2017_PPCF,
  author={A. Medvedeva and G. Birkenmeier and C. Bottereau and M. Cavedon and F. Clairet and G. D. Conway and P. Hennequin and S. Heuraux and D. Molina and A. Silva and U. Stroth1 and ASDEX Upgrade Team1},
  title={Density profile and turbulence evolution during L-H transition studied with the ultra-fast swept reflectometer on ASDEX Upgrade},
  journal={Plasma Physics and Controlled Fusion },
  volume={59},
  number={12},
  pages={125014},
  year={2017},
}

@article{Welch_1967_IEEE,
  author={P. Welch},
  title={The use of Fast Fourier Transform for the estimation of power spectra: A method based on time averaging over short, modified periodograms},
  journal={IEEE Transactions on Audio and Electroacoustics},
  volume={15},
  number={2},
  pages={70-73},
  year={1967}
}

@article{Shelukhin_2006_PPR,
author={D. A. Shelukhin and S. V. Soldatov and V. A. Vershkov and A. O. Urazbaev},
title={Estimates of the local parameters of plasma density fluctuations by reflectometry measurements},
journal={Plasma Physics Reports},
year={2006},
volume={32},
number={9},
pages={707--717}
}

@article{Bretz_1997_RSI,
author = {N. Bretz},
title = {Diagnostic instrumentation for microturbulence in tokamaks},
journal = {Review of Scientific Instruments},
volume = {68},
number = {8},
pages = {2927--2964},
year = {1997}
}

@article{Gerbaud_2006_RSI,
  author = {T. Gerbaud and F. Clairet and R. Sabot and A. Sirinelli},
  title = {Comparison of density fluctuation measurements between O-mode and X-mode reflectometry on Tore Supra},
  journal = {Review of Scientific Instruments },
  volume = {77},
  number = {10},
  pages = {10E928},
  year = {2006}
}

@article{Nazikian_2001_PoP,
  author = {R. Nazikian and G. J. Kramer and E. Valeo},
  title = {A tutorial on the basic principles of microwave reflectometry applied
to fluctuation measurements in fusion plasmas},
  journal = {Physics of Plasmas},
  volume = {8},
  number = {5},
  pages = {1840},
  year = {2001}
}


@article{Mazzucato_1998_RSI,
  author = {E. Mazzucato},
  title = {Microwave reflectometry for magnetically confined plasmas},
  journal = {Review of Scientific Instruments },
  volume = {69},
  number = {6},
  pages = {2201},
  year = {1998}
}

@article{Garbet_2001_PPCF,
  author={X Garbet},
  title={Turbulence in fusion plasmas: key issues and impact on transport modelling},
  journal={Plasma Physics and Controlled Fusion},
  volume={43},
  number={01},
  pages={A251},
  year={2001}
}


@article{Citrin_2017_PPCF,
  author={J Citrin and H Arnichand and J Bernardo and C Bourdelle and X Garbet and F Jenko and S Hacquin and M J Pueschel and R Sabot},
  title={Comparison between measured and predicted turbulence frequency spectra in ITG and TEM regimes},
  journal={Plasma Physics and Controlled Fusion },
  volume={59},
  number={6},
  pages={064010},
  year={2017}
}

@article{Gresillon_1992_PPCF,
  author={D Gr\'{e}sillon and B Cabrit and J P Villain and C Hanuise and A Truc and C Laviron and P Hennequin and F Gervais and A Quemeneur and X Garbet and J Payan and P Devynck},
  title={Collective scattering of electromagnetic waves and crossB plasma diffusion},
  journal={Plasma Physics and Controlled Fusion },
  volume={34},
  number={13},
  pages={1985},
  year={1992}
}

@PHDTHESIS{Sirinelli_2006_Thesis,
  author =       {Antoine Sirinelli},
  title =        {\'{E}tude du Transport et de la Turbulence par R\'{e}flectom\'{e}trie dans un Plasma de Fusion},
  school =       {\'{E}cole Polytechnique},
  year =         {2006},
  type =         {{Ph.D.} dissertation}
}

% new from 29.July.2018

@article{Li_2011_FST,
author = {Y. G. Li and Ph. Lotte and W. Zwingmann and C. Gil and F. Imbeaux},
title = {EFIT Equilibrium Reconstruction Including Polarimetry Measurements on Tore Supra},
journal = {Fusion Science and Technology},
volume = {59},
number = {2},
pages = {397-405},
year  = {2011}
}

@article{Colas_2006_NF_ICRH,
  author={L. Colas and V. Basiuk and B. Beaumont and A. B\'{e}coulet and G. Bosia and S. Br\'{e}mond and M. Chantant and F. Clairet and A. Ekedahl and E.
Faudot and A. G\'{e}raud and M. Goniche and S. Heuraux and G.T. Hoang and G. Lombard and L. Millon and R. Mitteau and P. Mollard and K.
Vulliez and the Tore Supra team},
  title={Key results of long pulse ICRH operation in Tore Supra},
  journal={Nuclear Fusion},
  volume={46},
  number={7},
  pages={S500},
  year={2006}
}

@article{Lennholm_2003_NF_ECRH,
  author={M. Lennholm and G. Agarici and G. Berger-By and P. Bosia and F. Bouquey and E. Cellier and J. Clary and M. Clapit and C. Darbos and G.
Giruzzi and M. Jung and R. Magne and D. Roux and J.L. Segui and E. Traisnel and X. Zou},
  title={The ECRH/ECCD system on Tore Supra, a major step towards continuous operation},
  journal={Nuclear Fusion},
  volume={43},
  number={11},
  pages={1458},
  url={http://stacks.iop.org/0029-5515/43/i=11/a=019},
  year={2003}
}

@article{Clairet_2010_RSI,
author = {Clairet,F.  and Heuraux,S.  and Bottereau,C.  and Molina,D.  and Ducobu,L.  and Leroux,F.  and Barbuti,A. },
title = {Fast sweeping reflectometry upgrade on Tore Supra},
journal = {Review of Scientific Instruments},
volume = {81},
number = {10},
pages = {10D903},
year = {2010}
}

@article{Segui_2005_RSI,
author = {S\'{e}gui,J. L.  and Molina,D.  and Giruzzi,G.  and Goniche,M.  and Huysmans,G.  and Maget,P.  and Ottaviani,M. },
title = {An upgraded 32-channel heterodyne electron cyclotron emission radiometer on Tore Supra},
journal = {Review of Scientific Instruments},
volume = {76},
number = {12},
pages = {123501},
year = {2005}
}

@article{Sabot_2006_NF,
  author={R. Sabot and A. Sirinelli and J.-M. Chareau and J.-C. Giaccalone},
  title={A dual source D-band reflectometer for density profile and fluctuations measurements in Tore-Supra},
  journal={Nuclear Fusion},
  volume={46},
  number={9},
  pages={S685},
  year={2006}
}

@article{Vermare_2006_NF,
  author={L. Vermare and S. Heuraux and F. Clairet and G. Leclert and F. da Silva},
  title={Density fluctuation measurements using X-mode fast sweep reflectometry on Tore Supra},
  journal={Nuclear Fusion},
  volume={46},
  number={9},
  pages={S743},
  url={http://stacks.iop.org/0029-5515/46/i=9/a=S10},
  year={2006}
}

@article{Kramer-Flecken_2015_NJP,
  author={A Kr\"{a}mer-Flecken and S Soldatov and Y Xu and H Arnichand and S Hacquin and R Sabot and the TEXTOR team},
  title={Long-range correlation properties of quasi-coherent modes at TEXTOR},
  journal={New Journal of Physics},
  volume={17},
  number={7},
  pages={073007},
  year={2015}
}

@article{Vershkov_2005_NF,
  author={V.A. Vershkov and D.A. Shelukhin and S.V. Soldatov and A.O. Urazbaev and S.A. Grashin and L.G. Eliseev and A.V. Melnikov and the T-10 team},
  title={Summary of experimental core turbulence characteristics in ohmic and electron cyclotron resonance heated discharges in T-10 tokamak plasmas},
  journal={Nuclear Fusion},
  volume={45},
  number={00},
  pages={S203},
  year={2005}
}

@article{Hennequin_2006_NF,
  author={P. Hennequin and C. Honor\'{e} and A. Truc and A. Qu\'{e}m\'{e}neur and C. Fenzi-Bonizec and C. Bourdelle and X. Garbet and G.T. Hoang and the
Tore Supra team},
  title={Fluctuation spectra and velocity profile from Doppler backscattering on Tore Supra},
  journal={Nuclear Fusion},
  volume={46},
  number={9},
  pages={S771},
  url={http://stacks.iop.org/0029-5515/46/i=9/a=S12},
  year={2006}
}

@article{Grandgirard_2016_CPC,
title = "A 5D gyrokinetic full-f global semi-Lagrangian code for flux-driven ion turbulence simulations",
journal = "Computer Physics Communications",
volume = "207",
pages = "35 - 68",
year = "2016",
author = {V. Grandgirard and J. Abiteboul and J. Bigot and T. Cartier-Michaud and N. Crouseilles and G. Dif-Pradalier and Ch. Ehrlacher and D. Esteve and X. Garbet and Ph. Ghendrih and G. Latu and M. Mehrenberger and C. Norscini and Ch. Passeron and F. Rozar and Y. Sarazin and E. Sonnendr\"{u}cker and A. Strugarek and D. Zarzoso},

}

@article{Michel_PRL_2009,
  title = {Tuning the Implosion Symmetry of ICF Targets via Controlled Crossed-Beam Energy Transfer},
  author = {Michel, P. and Divol, L. and Williams, E. A. and Weber, S. and Thomas, C. A. and Callahan, D. A. and Haan, S. W. and Salmonson, J. D. and Dixit, S. and Hinkel, D. E. and Edwards, M. J. and MacGowan, B. J. and Lindl, J. D. and Glenzer, S. H. and Suter, L. J.},
  journal = {Phys. Rev. Lett.},
  volume = {102},
  issue = {2},
  pages = {025004},
  numpages = {4},
  year = {2009},
  month = {Jan},
  publisher = {American Physical Society},
  doi = {10.1103/PhysRevLett.102.025004},
  url = {https://link.aps.org/doi/10.1103/PhysRevLett.102.025004}
}

@article{Shafiee_2009_NP,
title = "When will fossil fuel reserves be diminished?",
journal = "Energy Policy",
volume = "37",
number = "1",
pages = "181 - 189",
year = "2009",
issn = "0301-4215",
doi = "https://doi.org/10.1016/j.enpol.2008.08.016",
url = "http://www.sciencedirect.com/science/article/pii/S0301421508004126",
author = "Shahriar Shafiee and Erkan Topal",
keywords = "Worldwide fossil fuel reserve, Econometrics model, Non-renewable energy depletion time"
}

@article{Abas_2015_Fs,
title = "Review of fossil fuels and future energy technologies",
journal = "Futures",
volume = "69",
pages = "31 - 49",
year = "2015",
issn = "0016-3287",
doi = "https://doi.org/10.1016/j.futures.2015.03.003",
url = "http://www.sciencedirect.com/science/article/pii/S0016328715000397",
author = "N. Abas and A. Kalair and N. Khan",
keywords = "Oil peaking, Climate change, Energy crisis, Energy transition, Energy futures"
}

@article{Akella_2009_RE,
title = "Social, economical and environmental impacts of renewable energy systems",
journal = "Renewable Energy",
volume = "34",
number = "2",
pages = "390 - 396",
year = "2009",
note = "Renewable Energy for Sustainable Development in the Asia Pacific Region",
issn = "0960-1481",
doi = "https://doi.org/10.1016/j.renene.2008.05.002",
url = "http://www.sciencedirect.com/science/article/pii/S0960148108002073",
author = "A.K. Akella and R.P. Saini and M.P. Sharma",
keywords = "Renewable energy, GHG, Emission factors, Baseline, CDM"
}

@article{Jacobson_2011_EP,
title = "Providing all global energy with wind, water, and solar power, Part I: Technologies, energy resources, quantities and areas of infrastructure, and materials",
journal = "Energy Policy",
volume = "39",
number = "3",
pages = "1154 - 1169",
year = "2011",
issn = "0301-4215",
doi = "https://doi.org/10.1016/j.enpol.2010.11.040",
url = "http://www.sciencedirect.com/science/article/pii/S0301421510008645",
author = "Mark Z. Jacobson and Mark A. Delucchi",
keywords = "Wind power, Solar power, Water power"
}

@article{Momirlan_2005_IJHE,
title = "The properties of hydrogen as fuel tomorrow in sustainable energy system for a cleaner planet",
journal = "International Journal of Hydrogen Energy",
volume = "30",
number = "7",
pages = "795 - 802",
year = "2005",
issn = "0360-3199",
doi = "https://doi.org/10.1016/j.ijhydene.2004.10.011",
url = "http://www.sciencedirect.com/science/article/pii/S0360319904003398",
author = "Magdalena Momirlan and T.N. Veziroglu",
keywords = "Hydrogen, Environment, Chemical properties, Fuel, CO emissions, Atomic hydrogen/carbon ratio, Pollutants"
}

@article{Fridleifsson_2001_RSER,
title = "Geothermal energy for the benefit of the people",
journal = "Renewable and Sustainable Energy Reviews",
volume = "5",
number = "3",
pages = "299 - 312",
year = "2001",
issn = "1364-0321",
doi = "https://doi.org/10.1016/S1364-0321(01)00002-8",
url = "http://www.sciencedirect.com/science/article/pii/S1364032101000028",
author = "Ingvar B Fridleifsson",
keywords = "Geothermal, Electricity, Direct use, Renewables, Comparison of renewables, Energy prices"
}

@article{Panwar_2011_RSER,
title = "Role of renewable energy sources in environmental protection: A review",
journal = "Renewable and Sustainable Energy Reviews",
volume = "15",
number = "3",
pages = "1513 - 1524",
year = "2011",
issn = "1364-0321",
doi = "https://doi.org/10.1016/j.rser.2010.11.037",
url = "http://www.sciencedirect.com/science/article/pii/S1364032110004065",
author = "N.L. Panwar and S.C. Kaushik and Surendra Kothari",
keywords = "Greenhouse gases, CO mitigation, Sustainable development, Renewable energy sources"
}

@article{Dittmar_2013_STE,
title = "The end of cheap uranium",
journal = "Science of The Total Environment",
volume = "461-462",
pages = "792 - 798",
year = "2013",
issn = "0048-9697",
doi = "https://doi.org/10.1016/j.scitotenv.2013.04.035",
url = "http://www.sciencedirect.com/science/article/pii/S0048969713004579",
author = "Michael Dittmar",
keywords = "Uranium mining, Depletion profiles, Existing and future uranium mines"
}

@article{Khvesyuk_2002_PPCF,
  author={V I Khvesyuk and A Yu Chirkov},
  title={Low-radioactivity D- 3 He fusion fuel cycles with 3 He production},
  journal={Plasma Physics and Controlled Fusion},
  volume={44},
  number={2},
  pages={253},
  url={http://stacks.iop.org/0741-3335/44/i=2/a=308},
  year={2002},
  abstract={Searching for ways of 3 He isotope supply are one of the serious problems of ecologically attractive D- 3 He fusion. To solve the problem of 3 He supply, cycles with 3 He production are suggested. The concept of 3 He self-sufficient D- 3 He cycles is developed. It is shown that, in such cycles, it is possible to achieve high power efficiency and low neutron yield.}
}

@article{Wittenberg_1986_FT,
author = {L. J. Wittenberg and J. F. Santarius and G. L. Kulcinski},
title = {Lunar Source of 3He for Commercial Fusion Power},
journal = {Fusion Technology},
volume = {10},
number = {2},
pages = {167-178},
year  = {1986},
publisher = {Taylor & Francis}
}

@article{Ongena_2012_FST,
author = {J. Ongena and G. Van Oost},
title = {Energy for Future Centuries: Prospects for Fusion Power as a Future Energy Source},
journal = {Fusion Science and Technology},
volume = {61},
number = {2T},
pages = {3-16},
year  = {2012},
publisher = {Taylor & Francis},
doi = {10.13182/FST12-A13488}
}

@article{Leonard_2014_PoP_ELM,
author = {Leonard,A. W. },
title = {Edge-localized-modes in tokamaks},
journal = {Physics of Plasmas},
volume = {21},
number = {9},
pages = {090501},
year = {2014},
doi = {10.1063/1.4894742}
}

@article{Howard_2008_FST,
author = {Wilson Howard},
title = {Edge Localized Modes in Tokamaks},
journal = {Fusion Science and Technology},
volume = {53},
number = {2T},
pages = {161-169},
year  = {2008},
publisher = {Taylor & Francis},
doi = {10.13182/FST08-A1702}
}

@article{Connor_1998_PPCF_ELM,
  author={J W Connor},
  title={Edge-localized modes - physics and theory},
  journal={Plasma Physics and Controlled Fusion},
  volume={40},
  number={5},
  pages={531},
  url={http://stacks.iop.org/0741-3335/40/i=5/a=002},
  year={1998},
  abstract={The phenomenology of ELMs is reviewed, emphasizing the conditions for their occurrence, their repetition frequencies, their impact on confinement and the properties of associated fluctuations, in order to understand the physics involved. Theories of ELMs are then briefly described and the extent to which they can successfully model ELMs is discussed.}
}

@article{Zohm_1996_PPCF_ELM,
  author={H Zohm},
  title={Edge localized modes (ELMs)},
  journal={Plasma Physics and Controlled Fusion},
  volume={38},
  number={2},
  pages={105},
  url={http://stacks.iop.org/0741-3335/38/i=2/a=001},
  year={1996},
  abstract={The phenomenology of edge localized modes (ELMs), an MHD instability occurring in the edge of H-mode plasmas in toroidal magnetic fusion experiments, is described. ELMs are important to obtain experimental control of the particle inventory of fusion plasmas. From an analysis of the ELM behaviour of different magnetic fusion experiments, three distinct types are identified, namely dithering cycles, type III and type I ELMs. A physical picture of these phenomena is established on the grounds of theoretical models put forward to describe the different ELM phenomena.}
}

@article{Ejiri_1997_PPCF_phase_jump,
  author={A Ejiri and K Shinohara and K Kawahata},
  title={An algorithm to remove fringe jumps and its application to microwave reflectometry},
  journal={Plasma Physics and Controlled Fusion},
  volume={39},
  number={12},
  pages={1963},
  url={http://stacks.iop.org/0741-3335/39/i=12/a=003},
  year={1997},
  abstract={In some plasma discharges, the phase measured by microwave reflectometry has many fringe ( ##IMG## [http://ej.iop.org/images/0741-3335/39/12/003/img6.gif] radians) jumps. A new algorithm to detect and remove fringe jumps has been developed, and applied to the data in the JIPP TII-U tokamak. Using this algorithm, quantitative properties of fringe jumps, and their effects on the analysis of phase fluctuations are investigated. It was found that the occurrence of fringe jumps obeys a Poisson process, and the time scale of jumps is distributed over a wide range. Fringe jumps affect mainly the low-frequency components of phase fluctuations. Comparison of the phase corrected by the algorithm and the phase calculated from the time smoothed signals indicates that time smoothing (or frequency filtering) is an effective way to obtain information concerning the macroscopic density profile. Fringe jump and phase runaway can be phenomenologically explained by the distribution of the complex amplitude of the reflected wave.}
}

@ARTICLE{Agbossou_2004_IEEE,
author={K. Agbossou and M. Kolhe and J. Hamelin and T. K. Bose},
journal={IEEE Transactions on Energy Conversion},
title={Performance of a stand-alone renewable energy system based on energy storage as hydrogen},
year={2004},
volume={19},
number={3},
pages={633-640}
}

@article{Kaldellis_2007_En,
title = "Optimum energy storage techniques for the improvement of renewable energy sources-based electricity generation economic efficiency",
journal = "Energy",
volume = "32",
number = "12",
pages = "2295 - 2305",
year = "2007",
issn = "0360-5442",
doi = "https://doi.org/10.1016/j.energy.2007.07.009",
url = "http://www.sciencedirect.com/science/article/pii/S0360544207001302",
author = "J.K. Kaldellis and D. Zafirakis",
keywords = "Electricity generation, Energy storage, Autonomous electrical network, Renewable energy sources, Electricity production cost"
}

@article{Rentizelas_2009_RSER,
title = "Logistics issues of biomass: The storage problem and the multi-biomass supply chain",
journal = "Renewable and Sustainable Energy Reviews",
volume = "13",
number = "4",
pages = "887 - 894",
year = "2009",
issn = "1364-0321",
doi = "https://doi.org/10.1016/j.rser.2008.01.003",
url = "http://www.sciencedirect.com/science/article/pii/S1364032108000142",
author = "Athanasios A. Rentizelas and Athanasios J. Tolis and Ilias P. Tatsiopoulos",
keywords = "Logistics, Biomass storage, Multi-biomass, Biomass supply chain, Energy exploitation, Agricultural biomass"
}

@article{Bolsunovsky_2011_JER,
title = "Evidence of the radioactive fallout in the center of Asia (Russia) following the Fukushima Nuclear Accident",
journal = "Journal of Environmental Radioactivity",
volume = "102",
number = "11",
pages = "1062 - 1064",
year = "2011",
issn = "0265-931X",
doi = "https://doi.org/10.1016/j.jenvrad.2011.06.007",
url = "http://www.sciencedirect.com/science/article/pii/S0265931X1100138X",
author = "A. Bolsunovsky and D. Dementyev",
keywords = "Radioactive fallout, Environmental samples, Fukushima nuclear accident, Fission product radionuclides, Russia"
}

@article{Artsimovich_1972_NF,
  author={L.A. Artsimovich},
  title={Tokamak devices},
  journal={Nuclear Fusion},
  volume={12},
  number={2},
  pages={215},
  url={http://stacks.iop.org/0029-5515/12/i=2/a=012},
  year={1972},
  abstract={This survey deals with research on plasma in toroidal systems with strong longitudinal fields (Tokamak devices). The author first of all considers the movement of single particles in these systems and then reviews the theoretical work on equilibrium, transport coefficients and plasma stability. The design of the various Tokamak devices is described, as are the methods of plasma diagnostics employed with them. The main experimental results are summarized and compared with theory. Possible methods of heating plasma are considered and the prospects of the Tokamak program discussed.}
}

@article{Moses_2016_FST,
author = {E. I. Moses and J. D. Lindl and M. L. Spaeth and R. W. Patterson and R. H. Sawicki and L. J. Atherton and P. A. Baisden and L. J. Lagin and D. W. Larson and B. J. MacGowan and G. H. Miller and D. C. Rardin and V. S. Roberts and B. M. Van Wonterghem and P. J. Wegner},
title = {Overview: Development of the National Ignition Facility and the Transition to a User Facility for the Ignition Campaign and High Energy Density Scientific Research},
journal = {Fusion Science and Technology},
volume = {69},
number = {1},
pages = {1-24},
year  = {2016},
publisher = {Taylor & Francis}
}

@article{Ross_2015_PRE,
  title = {High-density carbon capsule experiments on the national ignition facility},
  author = {Ross, J. S. and Ho, D. and Milovich, J. and D\"oppner, T. and McNaney, J. and MacPhee, A. G. and Hamza, A. and Biener, J. and Robey, H. F. and Dewald, E. L. and Tommasini, R. and Divol, L. and Le Pape, S. and Hopkins, L. Berzak and Celliers, P. M. and Landen, O. and Meezan, N. B. and Mackinnon, A. J.},
  journal = {Phys. Rev. E},
  volume = {91},
  issue = {2},
  pages = {021101},
  numpages = {5},
  year = {2015},
  month = {Feb},
  publisher = {American Physical Society},
  doi = {10.1103/PhysRevE.91.021101},
  url = {https://link.aps.org/doi/10.1103/PhysRevE.91.021101}
}

@article{Le-Pape_2018_PRL,
  title = {Fusion Energy Output Greater than the Kinetic Energy of an Imploding Shell at the National Ignition Facility},
  author = {Le Pape, S. and Berzak Hopkins, L. F. and Divol, L. and Pak, A. and Dewald, E. L. and Bhandarkar, S. and Bennedetti, L. R. and Bunn, T. and Biener, J. and Crippen, J. and Casey, D. and Edgell, D. and Fittinghoff, D. N. and Gatu-Johnson, M. and Goyon, C. and Haan, S. and Hatarik, R. and Havre, M. and Ho, D. D-M. and Izumi, N. and Jaquez, J. and Khan, S. F. and Kyrala, G. A. and Ma, T. and Mackinnon, A. J. and MacPhee, A. G. and MacGowan, B. J. and Meezan, N. B. and Milovich, J. and Millot, M. and Michel, P. and Nagel, S. R. and Nikroo, A. and Patel, P. and Ralph, J. and Ross, J. S. and Rice, N. G. and Strozzi, D. and Stadermann, M. and Volegov, P. and Yeamans, C. and Weber, C. and Wild, C. and Callahan, D. and Hurricane, O. A.},
  journal = {Phys. Rev. Lett.},
  volume = {120},
  issue = {24},
  pages = {245003},
  numpages = {6},
  year = {2018},
  month = {Jun},
  publisher = {American Physical Society},
  doi = {10.1103/PhysRevLett.120.245003},
  url = {https://link.aps.org/doi/10.1103/PhysRevLett.120.245003}
}

@article{Craxton_2015_PoP,
author = {Craxton,R. S.  and Anderson,K. S.  and Boehly,T. R.  and Goncharov,V. N.  and Harding,D. R.  and Knauer,J. P.  and McCrory,R. L.  and McKenty,P. W.  and Meyerhofer,D. D.  and Myatt,J. F.  and Schmitt,A. J.  and Sethian,J. D.  and Short,R. W.  and Skupsky,S.  and Theobald,W.  and Kruer,W. L.  and Tanaka,K.  and Betti,R.  and Collins,T. J. B.  and Delettrez,J. A.  and Hu,S. X.  and Marozas,J. A.  and Maximov,A. V.  and Michel,D. T.  and Radha,P. B.  and Regan,S. P.  and Sangster,T. C.  and Seka,W.  and Solodov,A. A.  and Soures,J. M.  and Stoeckl,C.  and Zuegel,J. D. },
title = {Direct-drive inertial confinement fusion: A review},
journal = {Physics of Plasmas},
volume = {22},
number = {11},
pages = {110501},
year = {2015},
}

@INPROCEEDINGS{Ma_2016_IEEE,
author={T. Ma and S. MacLaren and J. Salmonson and S. Khan and J. Pino and J. Ralph and R. Rygg and J. Field and R. Tommasini and D. Turnbull and A. Mackinnon and K. Baker and L. R. Benedetti and P. Celliers and E. Dewald and T. Dittrich and L. Berzak Hopkins and N. Izumi and P. Kervin and S. Nagel and A. Pak and R. Tipton and G. Kyrala and J. Kline},
booktitle={2016 IEEE International Conference on Plasma Science (ICOPS)},
title={Temporal evolution of the two-shock implosion on the National Ignition Facility},
year={2016},
volume={},
number={},
pages={1-1},
keywords={explosions;ignition;plasma magnetohydrodynamics;plasma shock waves;symmetry evolution;hohlraum gas fill;hohlraum size;stagnation;performance degradation;shape effects;convergence effects;interface hydrodynamic mixing;hohlraum-to-capsule ratio;HED 2-Shock implosion campaign;National Ignition Facility;two-shock implosion;temporal evolution;Shape;Ignition;Convergence;Robustness;Programmable logic arrays;Hydrodynamics;Systematics},
doi={10.1109/PLASMA.2016.7533966}
}

@article{Nagel_2017_PoP,
author = {Nagel,S. R.  and Raman,K. S.  and Huntington,C. M.  and MacLaren,S. A.  and Wang,P.  and Barrios,M. A.  and Baumann,T.  and Bender,J. D.  and Benedetti,L. R.  and Doane,D. M.  and Felker,S.  and Fitzsimmons,P.  and Flippo,K. A.  and Holder,J. P.  and Kaczala,D. N.  and Perry,T. S.  and Seugling,R. M.  and Savage,L.  and Zhou,Y. },
title = {A platform for studying the Rayleigh-Taylor and Richtmyer-Meshkov instabilities in a planar geometry at high energy density at the National Ignition Facility},
journal = {Physics of Plasmas},
volume = {24},
number = {7},
pages = {072704},
year = {2017}
}

@article{Romanelli_2015_NF,
  author={F. Romanelli and on behalf of JET Contributors},
  title={Overview of the JET results},
  journal={Nuclear Fusion},
  volume={55},
  number={10},
  pages={104001},
  url={http://stacks.iop.org/0029-5515/55/i=10/a=104001},
  year={2015},
  abstract={Since the installation of an ITER-like wall, the JET programme has focused on the consolidation of ITER design choices and the preparation for ITER operation, with a specific emphasis given to the bulk tungsten melt experiment, which has been crucial for the final decision on the material choice for the day-one tungsten divertor in ITER. Integrated scenarios have been progressed with the re-establishment of long-pulse, high-confinement H-modes by optimizing the magnetic configuration and the use of ICRH to avoid tungsten impurity accumulation. Stationary discharges with detached divertor conditions and small edge localized modes have been demonstrated by nitrogen seeding. The differences in confinement and pedestal behaviour before and after the ITER-like wall installation have been better characterized towards the development of high fusion yield scenarios in DT. Post-mortem analyses of the plasma-facing components have confirmed the previously reported low fuel retention obtained by gas balance and shown that the pattern of deposition within the divertor has changed significantly with respect to the JET carbon wall campaigns due to the absence of thermally activated chemical erosion of beryllium in contrast to carbon. Transport to remote areas is almost absent and two orders of magnitude less material is found in the divertor.}
}

@article{Donne_1997_FED,
title = "Pulsed radar reflectometry and prospects for fluctuation measurements",
journal = "Fusion Engineering and Design",
volume = "34-35",
pages = "73 - 80",
year = "1997",
note = "Fusion Plasma Diagnostics",
issn = "0920-3796",
doi = "https://doi.org/10.1016/S0920-3796(96)00671-0",
url = "http://www.sciencedirect.com/science/article/pii/S0920379696006710",
author = "A.J.H Donn\'{e} and S.H Heijnen and C.A.J Hugenholtz"
}

@article{Kolmogorov_1941_MPS,
  author={A. N. Kolmogorov},
  title={The local structure of turbulence in incompressible viscous fluid for very large Reynolds numbers},
  journal={Proceedings: Mathematical and Physical Sciences},
  volume={434},
  number={1890},
  pages={9--13},
  year={1941}
}

@BOOK{Ting_1991_Vortex,
  title = {\emph{{V}iscous {V}ortical {F}lows}},
  publisher = {Springer-Verlag},
  year = {1991},
  author = {L. Ting}
}


@article{TFR_1986_NF,
  author={A. Truc and TFR Group},
  title={Correlation between low frequency turbulence and energy confinement in TFR},
  journal={Nuclear Fusion},
  volume={26},
  number={10},
  pages={1303},
  url={http://stacks.iop.org/0029-5515/26/i=10/a=003},
  year={1986}
}

@article{Paul_1992_PoF,
author = {Paul,S. F.  and Bretz,N.  and Durst,R. D.  and Fonck,R. J.  and Kim,Y. J.  and Mazzucato,E.  and Nazikian,R. },
title = {Measurements of long-wavelength density fluctuations in TFTR},
journal = {Physics of Fluids B: Plasma Physics},
volume = {4},
number = {9},
pages = {2922-2928},
year = {1992}
}

@article{Wootton_1990_PoF,
author = {Wootton,A. J.  and Carreras,B. A.  and Matsumoto,H.  and McGuire,K.  and Peebles,W. A.  and Ritz,Ch. P.  and Terry,P. W.  and Zweben,S. J. },
title = {Fluctuations and anomalous transport in tokamaks},
journal = {Physics of Fluids B: Plasma Physics},
volume = {2},
number = {12},
pages = {2879-2903},
year = {1990}
}

@article{Rice_2012_PoP,
author = {Rice,J. E.  and Greenwald,M. J.  and Podpaly,Y. A.  and Reinke,M. L.  and Diamond,P. H.  and Hughes,J. W.  and Howard,N. T.  and Ma,Y.  and Cziegler,I.  and Duval,B. P.  and Ennever,P. C.  and Ernst,D.  and Fiore,C. L.  and Gao,C.  and Irby,J. H.  and Marmar,E. S.  and Porkolab,M.  and Tsujii,N.  and Wolfe,S. M. },
title = {Ohmic energy confinement saturation and core toroidal rotation reversal in Alcator C-Mod plasmas},
journal = {Physics of Plasmas},
volume = {19},
number = {5},
pages = {056106},
year = {2012}
}

@article{Angioni_2003_PoP,
author = {Angioni,C.  and Peeters,A. G.  and Pereverzev,G. V.  and Ryter,F.  and Tardini,G. },
title = {Theory-based modeling of particle transport in ASDEX Upgrade H-mode plasmas, density peaking, anomalous pinch and collisionality},
journal = {Physics of Plasmas},
volume = {10},
number = {8},
pages = {3225-3239},
year = {2003}
}

@article{Nasrabadi_2007_JEI,
author = {Nasser M. Nasrabadi},
title = {Pattern Recognition and Machine Learning},
journal = {Journal of Electronic Imaging},
volume = {16},
number = {4},
pages = {049901},
year = {2007}
}

@article{Yamashita_2008_ASS,
title = "Analysis of XPS spectra of Fe2+ and Fe3+ ions in oxide materials",
journal = "Applied Surface Science",
volume = "254",
number = "8",
pages = "2441 - 2449",
year = "2008",
author = "Toru Yamashita and Peter Hayes",
keywords = "XPS, Iron oxide, Quantitative analysis, Chemical state"
}

@article{Lieber_2003_AS,
author = {Chad A. Lieber and Anita Mahadevan-Jansen},
journal = {Appl. Spectrosc.},
keywords = {Fluorescence; Molecules; Raman scattering; Raman spectroscopy},
number = {11},
pages = {1363--1367},
publisher = {OSA},
title = {Automated Method for Subtraction of Fluorescence from Biological Raman Spectra},
volume = {57},
month = {Nov},
year = {2003}
}

@ARTICLE{Nocente_2013_IEEE,
author={M. Nocente and M. Tardocchi and A. Olariu and S. Olariu and R. C. Pereira and I. N. Chugunov and A. Fernandes and D. B. Gin and G. Grosso and V. G. Kiptily and A. Neto and A. E. Shevelev and M. Silva and J. Sousa and G. Gorini},
journal={IEEE Transactions on Nuclear Science},
title={High Resolution Gamma Ray Spectroscopy at MHz Counting Rates With LaBr$_{3}$Scintillators for Fusion Plasma Applications},
year={2013},
volume={60},
number={2},
pages={1408-1415}
}

@article{Buttery_2000_PPCF_NTM_review,
  author={R J Buttery and S G\"{u}nter and G Giruzzi and T C Hender and D Howell and G Huysmans and R J La Haye and M Maraschek and H Reimerdes and O
Sauter and C D Warrick and H R Wilson and H Zohm},
  title={Neoclassical tearing modes},
  journal={Plasma Physics and Controlled Fusion},
  volume={42},
  number={12B},
  pages={B61},
  url={http://stacks.iop.org/0741-3335/42/i=12B/a=306},
  year={2000}
}

@article{Zonca_2007_NF_Efishbone,
  author={F. Zonca and P. Buratti and A. Cardinali and L. Chen and J.-Q. Dong and Y.-X. Long and A.V. Milovanov and F. Romanelli and P.
Smeulders and L. Wang and Z.-T. Wang and C. Castaldo and R. Cesario and E. Giovannozzi and M. Marinucci and V. Pericoli
Ridolfini},
  title={Electron fishbones: theory and experimental evidence},
  journal={Nuclear Fusion},
  volume={47},
  number={11},
  pages={1588},
  year={2007}
}
	
@article{Heidbrink_2006_NF,
  author={W.W. Heidbrink and E.D. Fredrickson and N.N. Gorelenkov and T.L. Rhodes and M.A. Van Zeeland},
  title={Observation of compressional Alfv\'{e}n eigenmodes (CAE) in a conventional tokamak},
  journal={Nuclear Fusion},
  volume={46},
  number={2},
  pages={324},
  year={2006}
}

@article{Fredrickson_2018_NF,
  author={E.D. Fredrickson and E.V. Belova and N.N. Gorelenkov and M. Podest\`{a} and R.E. Bell and N.A. Crocker and A. Diallo and B.P.
LeBlanc and the NSTX-U team},
  title={Global Alfv\'{e}n eigenmode scaling and suppression: experiment and theory},
  journal={Nuclear Fusion},
  volume={58},
  number={8},
  pages={082022},
  year={2018}
}

@article{Zarzoso_2018_NF_EGAM,
  author={D. Zarzoso and D. del-Castillo-Negrete and D.F. Escande and Y. Sarazin and X. Garbet and V. Grandgirard and C. Passeron and G.
Latu and S. Benkadda},
  title={Particle transport due to energetic-particle-driven geodesic acoustic modes},
  journal={Nuclear Fusion},
  volume={58},
  number={10},
  pages={106030},
  year={2018}
}

@article{Crocker_2018_NF,
  author={N.A. Crocker and S. Kubota and W.A. Peebles and T.L. Rhodes and E.D. Fredrickson and E. Belova and A. Diallo and B.P.
LeBlanc and S.A. Sabbagh},
  title={Density perturbation mode structure of high frequency compressional and global Alfv\'{e}n eigenmodes in the National Spherical Torus Experiment using a novel reflectometer analysis technique},
  journal={Nuclear Fusion},
  volume={58},
  number={1},
  pages={016051},
  year={2018}
}

@PHDTHESIS{Casati_2009_thesis,
  author = {Casati, A.},
  title = {A quasi-linear gyrokinetic transport model for tokamak plasmas},
  school = {University of Provence},
  year = {2009}
}
	
@PHDTHESIS{Colin_2001_thesis,
  author = {Muriel Colin},
  title = {Modelisations d'un reflectometre mode X en vue de caracteriser les fluctuations de densite et de champ magnetique: applications aux signaux de Tore Supra},
  school = {University of Nanvy I},
  year = {2001}
}

@article{Chu_1993_JFM,
title={A direct numerical simulation of laminar and turbulent flow over riblet-mounted surfaces},
volume={250},
DOI={10.1017/S0022112093001363},
journal={Journal of Fluid Mechanics},
publisher={Cambridge University Press},
author={Chu, Douglas C. and Karniadakis, George Em},
year={1993},
pages={1--42}
}

@article{Garbet_1992_NF,
  author={X. Garbet and J. Payan and C. Laviron and P. Devynck and S.K. Saha and H. Capes and X.P. Chen and J.P. Coulon and C. Gil and G.R.
Harris and T. Hutter and A.-L. Pecquet and A. Truc and P. Hennequin and F. Gervais and A. Quemeneur},
  title={Turbulence and energy confinement in TORE SUPRA Ohmic discharges},
  journal={Nuclear Fusion},
  volume={32},
  number={12},
  pages={2147},
  year={1992}
}

@article{Kraichnan_1971_JFM,
title={Inertial-range transfer in two- and three-dimensional turbulence},
volume={47},
DOI={10.1017/S0022112071001216},
number={3},
journal={Journal of Fluid Mechanics},
publisher={Cambridge University Press},
author={Kraichnan, Robert H.},
year={1971},
pages={525--535}
}

@article{Hinton_1976_RMP,
  title = {Theory of plasma transport in toroidal confinement systems},
  author = {Hinton, F. L. and Hazeltine, R. D.},
  journal = {Reviews of Modern Physics},
  volume = {48},
  issue = {2},
  pages = {239--308},
  number = {0},
  year = {1976}
}

@article{Ware_1970_PRL,
  title = {Pinch Effect for Trapped Particles in a Tokamak},
  author = {Ware, A. A.},
  journal = {Phys. Rev. Lett.},
  volume = {25},
  issue = {1},
  pages = {15--17},
  year = {1970},
  month = {Jul},
  publisher = {American Physical Society},
  doi = {10.1103/PhysRevLett.25.15},
  url = {https://link.aps.org/doi/10.1103/PhysRevLett.25.15}
}

@article{Hoang_2003_PRL_turb_pinch,
  title = {Particle Pinch with Fully Noninductive Lower Hybrid Current Drive in Tore Supra},
  author = {Hoang, G. T. and Bourdelle, C. and P\'egouri\'e, B. and Schunke, B. and Artaud, J. F. and Bucalossi, J. and Clairet, F. and Fenzi-Bonizec, C. and Garbet, X. and Gil, C. and Guirlet, R. and Imbeaux, F. and Lasalle, J. and Loarer, T. and Lowry, C. and Trav\`{e}re, J. M. and Tsitrone, E.},
  journal = {Phys. Rev. Lett.},
  volume = {90},
  issue = {15},
  pages = {155002},
  year = {2003},
  month = {Apr},
  publisher = {American Physical Society},
  doi = {10.1103/PhysRevLett.90.155002},
  url = {https://link.aps.org/doi/10.1103/PhysRevLett.90.155002}
}

@article{Yushmanov_1999_NF,
  author={P.N. Yushmanov and T. Takizuka and K.S. Riedel and O.J.W.F. Kardaun and J.G. Cordey and S.M. Kaye and D.E. Post},
  title={Scalings for tokamak energy confinement},
  journal={Nuclear Fusion},
  volume={30},
  number={10},
  pages={1999},
  year={1990}
}

@article{Ryter_1998_PPCF,
  author={F Ryter and W Suttrop and B Br\"{u}sehaber and M Kaufmann and V Mertens and H Murmann and A G Peeters and J Stober and J Schweinzer and H
Zohm and ASDEX Upgrade Team},
  title={H-mode power threshold and transition in ASDEX Upgrade},
  journal={Plasma Physics and Controlled Fusion},
  volume={40},
  number={5},
  pages={725},
  year={1998}
}
	
@article{Connor_2000_PPCF,
  author={J W Connor and H R Wilson},
  title={A review of theories of the L-H transition},
  journal={Plasma Physics and Controlled Fusion},
  volume={42},
  number={1},
  pages={R1},
  year={2000}
}

@article{Verdoolaege_2015_NF,
  author={G. Verdoolaege and J-M. Noterdaeme},
  title={Robust scaling in fusion science: case study for the L-H power threshold},
  journal={Nuclear Fusion},
  volume={55},
  number={11},
  pages={113019},
  year={2015}
}

@article{Shaing_1990_PoF,
author = {Shaing,K. C.  and Crume,E. C.  and Houlberg,W. A. },
title = {Bifurcation of poloidal rotation and suppression of turbulent fluctuations: A model for the L-H transition in tokamaks},
journal = {Physics of Fluids B: Plasma Physics},
volume = {2},
number = {6},
pages = {1492-1498},
year = {1990}
}

@article{Groebner_1990_PRL,
  title = {Role of edge electric field and poloidal rotation in the L-H transition},
  author = {Groebner, R. J. and Burrell, K. H. and Seraydarian, R. P.},
  journal = {Phys. Rev. Lett.},
  volume = {64},
  issue = {25},
  pages = {3015--3018},
  year = {1990}
}

@article{Manz_2012_PoP,
author = {Manz,P. and Xu,G. S. and Wan,B. N. and Wang,H. Q. and Guo,H. Y.  and Cziegler,I.  and Fedorczak,N.  and Holland,C.  and M\"{u}ller,S. H.  and Thakur,S. C.  and Xu,M.  and Miki,K.  and Diamond,P. H.  and Tynan,G. R. },
title = {Zonal flow triggers the L-H transition in the Experimental Advanced Superconducting Tokamak},
journal = {Physics of Plasmas},
volume = {19},
number = {7},
pages = {072311},
year = {2012}
}

@article{Schmitz_2012_PRL,
  title = {Role of Zonal Flow Predator-Prey Oscillations in Triggering the Transition to H-Mode Confinement},
  author = {Schmitz, L. and Zeng, L. and Rhodes, T. L. and Hillesheim, J. C. and Doyle, E. J. and Groebner, R. J. and Peebles, W. A. and Burrell, K. H. and Wang, G.},
  journal = {Phys. Rev. Lett.},
  volume = {108},
  issue = {15},
  pages = {155002},
  year = {2012}
}

@article{Smeulders_1995_NF,
  author={P. Smeulders and L.C. Appel and B. Balet and T.C. Hender and L. Lauro-Taroni and D. Stork and B. Wolle and S. Ali-Arshad and B.
Alper and H.J. De Blank and M. Bures and B. De Esch and R. Giannella and R. Konig and P. Kupschus and K. Lawson and F.B. Marcus and M.
Mattioli and H.W. Morsi and D.P. O'Brien and J. O'Rourke and G.J. Sadler and G.L. Schmidt and P.M. Stubberfield and W. Zwingmann},
  title={Survey of pellet enhanced performance in JET discharges},
  journal={Nuclear Fusion},
  volume={35},
  number={2},
  pages={225},
  url={http://stacks.iop.org/0029-5515/35/i=2/a=I13},
  year={1995}
}

@article{Levinton_1995_PRL,
  title = {Improved Confinement with Reversed Magnetic Shear in TFTR},
  author = {Levinton, F. M. and Zarnstorff, M. C. and Batha, S. H. and Bell, M. and Bell, R. E. and Budny, R. V. and Bush, C. and Chang, Z. and Fredrickson, E. and Janos, A. and Manickam, J. and Ramsey, A. and Sabbagh, S. A. and Schmidt, G. L. and Synakowski, E. J. and Taylor, G.},
  journal = {Phys. Rev. Lett.},
  volume = {75},
  issue = {24},
  pages = {4417--4420},
  year = {1995},
  month = {Dec},
  publisher = {American Physical Society},
  doi = {10.1103/PhysRevLett.75.4417},
  url = {https://link.aps.org/doi/10.1103/PhysRevLett.75.4417}
}

@article{Jackson_1991_PRL,
  title = {Regime of very high confinement in the boronized DIII-D tokamak},
  author = {Jackson, G. L. and Winter, J. and Taylor, T. S. and Burrell, K. H. and DeBoo, J. C. and Greenfield, C. M. and Groebner, R. J. and Hodapp, T. and Holtrop, K. and Lazarus, E. A. and Lao, L. L. and Lippmann, S. I. and Osborne, T. H. and Petrie, T. W. and Phillips, J. and James, R. and Schissel, D. P. and Strait, E. J. and Turnbull, A. D. and West, W. P. and DIII-D Team},
  journal = {Phys. Rev. Lett.},
  volume = {67},
  issue = {22},
  pages = {3098--3101},
  year = {1991},
  month = {Nov},
  publisher = {American Physical Society},
  doi = {10.1103/PhysRevLett.67.3098},
  url = {https://link.aps.org/doi/10.1103/PhysRevLett.67.3098}
}

@article{Sung_2016_PoP,
author = {Sung,C.  and White,A. E.  and Mikkelsen,D. R.  and Greenwald,M.  and Holland,C.  and Howard,N. T.  and Churchill,R.  and Theiler,C. },
title = {Quantitative comparison of electron temperature fluctuations to nonlinear gyrokinetic simulations in C-Mod Ohmic L-mode discharges},
journal = {Physics of Plasmas},
volume = {23},
number = {4},
pages = {042303},
year = {2016}
}

@article{Lin_2009_PPCF,
  author={L Lin and M Porkolab and E M Edlund and J C Rost and M Greenwald and N Tsujii and J Candy and R E Waltz and D R Mikkelsen},
  title={Studies of turbulence and transport in Alcator C-Mod ohmic plasmas with phase contrast imaging and comparisons with gyrokinetic simulations},
  journal={Plasma Physics and Controlled Fusion},
  volume={51},
  number={6},
  pages={065006},
  url={http://stacks.iop.org/0741-3335/51/i=6/a=065006},
  year={2009}
}


@article{Lee_2018_PoP,
author = {Lee,J. A. and Lee,W.  and Kwon,J. M.  and Ko,S. H.  and Leem,J.  and Yun,G. S.  and Park,H. K.  and Park,Y. S.  and Kim,K. W.  and Luhmann,N. C. },
title = {Observation of electron driven quasi-coherent modes and their connection with           core intrinsic rotation in KSTAR ECH and ohmic L-mode plasmas},
journal = {Physics of Plasmas},
volume = {25},
number = {2},
pages = {022513},
year = {2018}
}

@article{Muscatello_2014_RSI,
author = {Muscatello,C. M.  and Domier,C. W.  and Hu,X.  and Kramer,G. J.  and Luhmann,N. C.  and Ren,X.  and Riemenschneider,P.  and Spear,A.  and Tobias,B. J.  and Valeo,E.  and Yu,L. },
title = {Technical overview of the millimeter-wave imaging reflectometer on the DIII-D tokamak (invited)},
journal = {Review of Scientific Instruments},
volume = {85},
number = {11},
pages = {11D702},
year = {2014}
}

@article{Wang_2017_NF,
  author={Y. Wang and B. Tobias and Y.-T. Chang and J.-H. Yu and M. Li and F. Hu and M. Chen and M. Mamidanna and T. Phan and A.-V. Pham and J. Gu and X.
Liu and Y. Zhu and C.W. Domier and L. Shi and E. Valeo and G.J. Kramer and D. Kuwahara and Y. Nagayama and A. Mase and N.C. Luhmann Jr},
  title={Millimeter-wave imaging of magnetic fusion plasmas: technology innovations advancing physics understanding},
  journal={Nuclear Fusion},
  volume={57},
  number={7},
  pages={072007},
  year={2017}
}

@article{Banerjee_2016_PoP,
author = {Banerjee,Santanu  and Diallo,A.  and Zweben,S. J. },
title = {Observation of quasi-coherent edge fluctuations in Ohmic plasmas on National Spherical Torus Experiment},
journal = {Physics of Plasmas},
volume = {23},
number = {4},
pages = {044502},
year = {2016}
}

@article{Endler_1995_NF,
  author={M. Endler and H. Niedermeyer and L. Giannone and E. Kolzhauer and A. Rudyj and G. Theimer and N. Tsois},
  title={Measurements and modelling of electrostatic fluctuations in the scrape-off layer of ASDEX},
  journal={Nuclear Fusion},
  volume={35},
  number={11},
  pages={1307},
  url={http://stacks.iop.org/0029-5515/35/i=11/a=I01},
  year={1995}
}

@article{Garcia_2015_NF,
  author={O.E. Garcia and J. Horacek and R.A. Pitts},
  title={Intermittent fluctuations in the TCV scrape-off layer},
  journal={Nuclear Fusion},
  volume={55},
  number={6},
  pages={062002},
  url={http://stacks.iop.org/0029-5515/55/i=6/a=062002},
  year={2015}
}

@article{Lebschy_2018_NF,
  author={A. Lebschy and R.M. McDermott and C. Angioni and B. Geiger and D. Prisiazhniuk and M. Cavedon and G.D. Conway and R. Dux and M.G.
Dunne and A. Kappatou and T. P\"{u}tterich and U. Stroth and E. Viezzer and the ASDEX Upgrade Team},
  title={Measurement of the complete core plasma flow across the LOC-SOC transition at ASDEX Upgrade},
  journal={Nuclear Fusion},
  volume={58},
  number={2},
  pages={026013},
  url={http://stacks.iop.org/0029-5515/58/i=2/a=026013},
  year={2018}
}

@article{Mazzucato_1991_PPCF_reflec_turb,
  author={E Mazzucato and R Nazikian},
  title={Microwave reflectometry for the study of density fluctuations in tokamak plasmas},
  journal={Plasma Physics and Controlled Fusion},
  volume={33},
  number={3},
  pages={261},
  year={1991}
}

  	
@article{Zou_1991_PPCF,
  author={X L Zou and L Laurent and J M Rax},
  title={Scattering of an electromagnetic wave in a plasma close to a cut-off layer. Application to fluctuation measurements},
  journal={Plasma Physics and Controlled Fusion},
  volume={33},
  number={8},
  pages={903},
  year={1991}
}

@article{Falchetto_2004_PRL,
  title = {Effect of Collisional Zonal-Flow Damping on Flux-Driven Turbulent Transport},
  author = {Falchetto, G. L. and Ottaviani, M.},
  journal = {Phys. Rev. Lett.},
  volume = {92},
  issue = {2},
  pages = {025002},
  year = {2004},
  month = {Jan},
  publisher = {American Physical Society}
}

@article{Schunke_2005_RSI,
author = {Schunke,B.  and Huysmans,G. T. A.  and Thomas,P. R. },
title = {Evidence of the influence of reflections on the Zeff profile measurements in the Tore Supra tokamak and their mitigation},
journal = {Review of Scientific Instruments},
volume = {76},
number = {8},
pages = {083501},
year = {2005}
}

@article{Matthews_1997_JNM,
title = "Scaling radiative plasmas to ITER",
journal = "Journal of Nuclear Materials",
volume = "241-243",
pages = "450 - 455",
year = "1997",
issn = "0022-3115",
author = "G.F. Matthews and S. Allen and N. Asakura and J. Goetz and H. Guo and A. Kallenbach and B. Lipschultz and K. McCormick and M. Stamp and U. Samm and P.C. Stangeby and K.-H. Steuer and A. Taroni and B. Unterberg and P. West"
}

@article{Hacquin_2016_PoP,
author = {Hacquin,S.  and Citrin,J.  and Arnichand,H.  and Sabot,R.  and Bourdelle,C.  and Garbet,X.  and Kr\"{a}mer-Flecken,A. },
title = {Simulation of core turbulence measurement in Tore Supra ohmic regimes},
journal = {Physics of Plasmas},
volume = {23},
number = {9},
pages = {092303},
year = {2016}
}

  	

@article{Erofeev_2017_NF,
  author={I. Erofeev and E. Fable and C. Angioni and R.M. McDermott and The ASDEX Upgrade Team},
  title={Theory-based modeling of LOC-SOC transitions in ASDEX Upgrade},
  journal={Nuclear Fusion},
  volume={57},
  number={12},
  pages={126067},
  year={2017}
}

  	
@article{Yushmanov_1990_NF,
  author={P.N. Yushmanov and T. Takizuka and K.S. Riedel and O.J.W.F. Kardaun and J.G. Cordey and S.M. Kaye and D.E. Post},
  title={Scalings for tokamak energy confinement},
  journal={Nuclear Fusion},
  volume={30},
  number={10},
  pages={1999},
  year={1990}
}

@article{White_2008_PoP,
author = {White,A. E.  and Schmitz,L.  and McKee,G. R.  and Holland,C.  and Peebles,W. A.  and Carter,T. A.  and Shafer,M. W.  and Austin,M. E.  and Burrell,K. H.  and Candy,J.  and DeBoo,J. C.  and Doyle,E. J.  and Makowski,M. A.  and Prater,R.  and Rhodes,T. L.  and Staebler,G. M.  and Tynan,G. R.  and Waltz,R. E.  and Wang,G. },
title = {Measurements of core electron temperature and density fluctuations in DIII-D and comparison to nonlinear gyrokinetic simulations},
journal = {Physics of Plasmas},
volume = {15},
number = {5},
pages = {056116},
year = {2008}
}

@article{Holland_2016_PoP,
author = {Holland,C. },
title = {Validation metrics for turbulent plasma transport},
journal = {Physics of Plasmas},
volume = {23},
number = {6},
pages = {060901},
year = {2016}
}

@article{Creely_2017_PoP,
author = {Creely,A. J.  and Howard,N. T.  and Rodriguez-Fernandez,P.  and Cao,N.  and Hubbard,A. E.  and Hughes,J. W.  and Rice,J. E.  and White,A. E.  and Candy,J.  and Staebler,G. M.  and Conway,G. D.  and Freethy,S. J.  and Sung,C. },
title = {Validation of nonlinear gyrokinetic simulations of L- and I-mode plasmas on Alcator C-Mod},
journal = {Physics of Plasmas},
volume = {24},
number = {5},
pages = {056104},
year = {2017}
}

@article{Martin_2008_JoP,
  author={Y R Martin and T Takizuka and the ITPA CDBM H-mode Threshold Database Working Group},
  title={Power requirement for accessing the H-mode in ITER},
  journal={Journal of Physics: Conference Series},
  volume={123},
  number={1},
  pages={012033},
  year={2008}
}

@article{PhysRevLett.53.352,
  title = {Energy Confinement of High-Density Pellet-Fueled Plasmas in the Alcator C Tokamak},
  author = {Greenwald, M. and Gwinn, D. and Milora, S. and Parker, J. and Parker, R. and Wolfe, S. and Besen, M. and Camacho, F. and Fairfax, S. and Fiore, C. and Foord, M. and Gandy, R. and Gomez, C. and Granetz, R. and LaBombard, B. and Lipschultz, B. and Lloyd, B. and Marmar, E. and McCool, S. and Pappas, D. and Petrasso, R. and Pribyl, P. and Rice, J. and Schuresko, D. and Takase, Y. and Terry, J. and Watterson, R.},
  journal = {Phys. Rev. Lett.},
  volume = {53},
  issue = {4},
  pages = {352--355},
  year = {1984}
}

@article{Christiansen_1993_NF,
  author={J.P. Christiansen and P.M. Stubberfield and J.G. Cordey and C. Gormezano and C.W. Gowers and J. O'Rourke and D. Stork and A.
Taroni and C.D. Challis},
  title={The scaling of transport with normalized Larmor radius in JET},
  journal={Nuclear Fusion},
  volume={33},
  number={6},
  pages={863},
  year={1993}
}

@article{Vlad_2005_PPCF,
  author={M Vlad and F Spineanu},
  title={Larmor radius effects on impurity transport in turbulent plasmas},
  journal={Plasma Physics and Controlled Fusion},
  volume={47},
  number={2},
  pages={281},
  year={2005}
}

@article{Petty_1995_PoP,
author = {Petty,C. C.  and Luce,T. C.  and Burrell,K. H.  and Chiu,S. C.  and deGrassie,J. S.  and Forest,C. B.  and Gohil,P.  and Greenfield,C. M.  and Groebner,R. J.  and Harvey,R. W.  and Pinsker,R. I.  and Prater,R.  and Waltz,R. E.  and James,R. A.  and Wr\`{o}blewski,D. },
title = {Nondimensional transport scaling in DIII-D: Bohm versus gyro-Bohm resolved},
journal = {Physics of Plasmas},
volume = {2},
number = {6},
pages = {2342--2348},
year = {1995}
}


@article{Romanelli_1989_PoF,
author = {Romanelli,F. },
journal = {Physics of Fluids B: Plasma Physics},
volume = {1},
number = {5},
pages = {1018-1025},
title = {Ion temperature-gradient-driven modes and anomalous ion transport in tokamaks},
year = {1989}
}

@article{Mattor_1992_PoF,
author = {Mattor,N.  and Terry,P. W. },
journal = {Physics of Fluids B: Plasma Physics},
volume = {4},
number = {5},
pages = {1126-1138},
title = {Frequency spectrum in drift wave turbulence},
year = {1992}
}

@article{Watts_1996_PoP,
author = {C. Watts and R. F. Gandy and G. Cima and R. V. Bravenec and D. W. Ross and A. J. Wootton and A. Ouroua and J. W. Heard and T. P. Crowley and P. M. Schoch and D. L. Brower and Y. Jiang and B. Deng and C. W. Domier and N. C. Luhmann},
journal = {Physics of Plasmas},
volume = {3},
number = {5},
pages = {2013-2021},
title = {Poloidal asymmetry and gradient drive in core electron density and temperature fuctuations on the texas experimental tokamak-upgrade},
year = {1996}
}

@ARTICLE{Shabbir_2016_RSI,
    AUTHOR    = "Shabbir, A. and Hornung, G. and Verdoolaege, G. and {JET Contributors}",
    JOURNAL   = "Review of Scientific Instruments",
    VOLUME    = "87",
    NUMBER    = "11",
    PAGES     = "11D404",
    TITLE     = "A classification scheme for edge-localized modes based on their probability distributions",
    YEAR      = "2016"
}

@article{Kosolapova_2012_PPCF,
publisher = {{IOP} Publishing},
volume = {54},
number = {3},
pages = {035008},
title = {Numerical modeling of micro turbulence wave number spectra reconstruction using radial correlation reflectometry: I. O-mode reflectometry at the linear plasma density profile},
author = {N V Kosolapova and E Z Gusakov and S Heuraux},
journal = {Plasma Physics and Controlled Fusion},
year = {2012}
}

@article{Sun_2018_RSI,
author = {Sun,Y.  and Sabot,R.  and Hornung,G.  and Heuraux,S.  and Hacquin,S.  and Verdoolaege,G. },
title = {Parametrization of reflectometry fluctuation frequency spectra for systematic study of fusion plasma turbulence},
journal = {Review of Scientific Instruments},
volume = {89},
number = {7},
pages = {073504},
year = {2018},
}


@article{Greenwald_1984_PRL,
  author = {Greenwald, M. and Gwinn, D. and Milora, S. and Parker, J. and Parker, R. and Wolfe, S. and Besen, M. and Camacho, F. and Fairfax, S. and Fiore, C. and others},
  journal = {Phys. Rev. Lett.},
  title = {Energy Confinement of High-Density Pellet-Fueled Plasmas in the Alcator-c Tokamaks},
  volume = {53},
  issue = {4},
  pages = {352--355},
  year = {1984}
}

@article{Gusakov_2012_PPCF,
	year = 2012,
	month = {mar},
	publisher = {{IOP} Publishing},
	volume = {54},
	number = {4},
	pages = {045008},
	author = {E Gusakov and S Heuraux and A Popov and M Schubert},
	title = {Reconstruction of the turbulence radial profile from reflectometry phase root mean square measurements},
	journal = {Plasma Physics and Controlled Fusion}
}

@article{Fernandez-Marina_2014_NF,
	year = 2014,
	month = {apr},
	publisher = {{IOP} Publishing},
	volume = {54},
	number = {7},
	pages = {072001},
	author = {F. Fern{\'{a}}ndez-Marina and T. Estrada and E. Blanco},
	title = {Turbulence radial correlation length measurements using Doppler reflectometry in {TJ}-{II}},
	journal = {Nuclear Fusion}
}

@article{Blanco_2013_PPCF,
	year = 2013,
	month = {nov},
	publisher = {{IOP} Publishing},
	volume = {55},
	number = {12},
	pages = {125006},
	author = {E Blanco and T Estrada},
	title = {Two-dimensional full-wave simulations of radial correlation Doppler reflectometry in linear and non-linear regimes},
	journal = {Plasma Physics and Controlled Fusion}
}


@ARTICLE{Sun_2019_PoP,
  author = {Y. Sun and R. Sabot and S. Heuraux and X. Garbet and S. Hacquin and G. Hornung and G. Verdoolaege},
  title = {Experimental trends of reflectometry frequency spectra emerging from a systematic analysis of the Tore Supra database},
  journal = {Physics of Plasmas},
  year = {2019},
  volume = {26},
  number = {3},
  pages = {032307}
}

@CONFERENCE{Sun_2017_IRW13,
  author = {Y. Sun and R. Sabot and  G. Hornung and S. Heuraux and S. Hacquin and and G. Verdoolaege},
  title = {Systematic Study of Core Turbulence by Reflectometry Fluctuation Frequency Spectra},
  year = {2017},
  month = {May},
  booktitle = {Proc. 13th Int. Reflectometry Worshop},
  address = {Daejeon, Korea},
  owner = {HA224578},
  timestamp = {2014.05.26}
}
